<?xml version="1.0" encoding="UTF-8"?>
<?xml-stylesheet type="text/xsl" href="https://www.revistas.usp.br/lib/pkp/xml/oai2.xsl" ?>
<OAI-PMH xmlns="http://www.openarchives.org/OAI/2.0/" xmlns:xsi="http://www.w3.org/2001/XMLSchema-instance" xsi:schemaLocation="http://www.openarchives.org/OAI/2.0/ http://www.openarchives.org/OAI/2.0/OAI-PMH.xsd">
<responseDate>2023-08-07T14:50:29Z</responseDate>
<request verb="ListRecords" metadataPrefix="marcxml" set="actafisiatrica">https://www.revistas.usp.br/actafisiatrica/oai</request>
<ListRecords>
<record>
<header>
<identifier>oai:revistas.usp.br:article/163858</identifier>
<datestamp>2019-12-24T16:50:40Z</datestamp>
<setSpec>actafisiatrica:Art.+Orig.</setSpec>
<setSpec>driver</setSpec>
</header>
<metadata>
<record xmlns="http://www.loc.gov/MARC21/slim" xmlns:xsi="http://www.w3.org/2001/XMLSchema-instance" xsi:schemaLocation="http://www.loc.gov/MARC21/slim http://www.loc.gov/standards/marcxml/schema/MARC21slim.xsd">
<leader>     nmb a2200000Iu 4500</leader>
<controlfield tag="008">"181231 2018                        eng  "</controlfield>
<datafield tag="022" ind1="#" ind2="#">
<subfield code="$a">2317-0190</subfield>
</datafield>
<datafield tag="022" ind1="#" ind2="#">
<subfield code="$a">0104-7795</subfield>
</datafield>
<datafield tag="042" ind1=" " ind2=" ">
<subfield code="a">dc</subfield>
</datafield>
<datafield tag="245" ind1="0" ind2="0">
<subfield code="a">Tecnologias assistivas: aspectos que influenciam na assiduidade e no abandono dos recursos</subfield>
</datafield>  <datafield tag="720" ind1="1" ind2=" ">
<subfield code="a">Missio, Marciane Montagner</subfield>
<subfield code="u">Universidade Franciscana – UFN</subfield><subfield code="0">https://orcid.org/0000-0002-2621-4547</subfield></datafield>
<datafield tag="720" ind1="1" ind2=" ">
<subfield code="a">Queiroz, Luise Ferreira de</subfield>
<subfield code="u">Universidade Franciscana – UFN</subfield><subfield code="0">https://orcid.org/0000-0002-1649-0361</subfield><subfield code="0">https://orcid.org/0000-0002-2621-4547</subfield></datafield>
<datafield tag="520" ind1=" " ind2=" ">
<subfield code="a"> As tecnologias assistivas são recursos utilizados para potencializar habilidades funcionais e proporcionar autonomia e independência. Pessoas com deficiência possuem a garantia de acesso a esses recursos, com prescrição de profissionais dos serviços de reabilitação do Sistema Único de Saúde (SUS). Objetivo: Verificar aspectos envolvidos com a adesão e abandono de órteses, próteses e cadeiras de rodas. Método: Trata-se de um estudo transversal, os dados foram coletados através de uma entrevista estruturada que questiona o processo de prescrição, benefícios e continuidade ou abandono de uso dos equipamentos. A população do estudo foi de indivíduos de 18 a 80 anos que receberam tecnologias assistivas dispensadas no período de janeiro a dezembro de 2017 através de um Centro Especializado em Reabilitação, município de Santa Maria - RS. Resultados: Em 2017 foram dispensadas 400 equipamentos, sendo entrevistadas 31 pessoas desse quantitativo, pois muitos dos beneficiados não residem no município, não consentindo em participar. As 31 pessoas receberam 38 equipamentos, sendo 6 cadeiras motorizadas, 13 manuais, 8 próteses de membro inferior, 1 de membro superior, 7 órteses de membro inferior e 3 de membro superior. Destes equipamentos, 20 continuam sendo utilizados e 18 foram abandonados. Os benefícios mais relatados foram a melhor estabilidade e a facilitação do deslocamento propiciada pelos recursos. Conclusão: A maioria dos beneficiários foram adultos e idosos, sendo que a cadeira manual e a prótese de membro inferior foram os equipamentos mais dispensados. Foi verificado que houve significativo número de abandono sugerindo que ocorreram inadequações no momento da prescrição, resultando no abandono. </subfield>
</datafield>
<datafield tag="260" ind1=" " ind2=" ">
<subfield code="b">Faculdade de Medicina, Universidade de São Paulo</subfield>
</datafield>
<dataField tag="260" ind1=" " ind2=" ">
<subfield code="c">2018-12-31 00:00:00</subfield>
</dataField>   <datafield tag="856" ind1=" " ind2=" ">
<subfield code="q">application/pdf</subfield>
</datafield>
<datafield tag="856" ind1="4" ind2="0">
<subfield code="u">https://www.revistas.usp.br/actafisiatrica/article/view/163858</subfield>
</datafield>  <datafield tag="786" ind1="0" ind2=" ">
<subfield code="n">Acta Fisiátrica; v. 25 n. 4 (2018)</subfield>
</datafield>  <datafield tag="546" ind1=" " ind2=" ">
<subfield code="a">por</subfield>
</datafield>   <datafield tag="540" ind1=" " ind2=" ">
<subfield code="a">Copyright (c) 2018 Acta Fisiátrica</subfield>
</datafield>
</record>
</metadata>
</record>