
<record>
<header>
<identifier>oai:revistas.usp.br:article/163859</identifier>
<datestamp>2019-12-24T16:50:40Z</datestamp>
<setSpec>actafisiatrica:Art.+Orig.</setSpec>
<setSpec>driver</setSpec>
</header>
<metadata>
<record xmlns="http://www.loc.gov/MARC21/slim" xmlns:xsi="http://www.w3.org/2001/XMLSchema-instance" xsi:schemaLocation="http://www.loc.gov/MARC21/slim http://www.loc.gov/standards/marcxml/schema/MARC21slim.xsd">
<leader>     nmb a2200000Iu 4500</leader>
<controlfield tag="008">"181231 2018                        eng  "</controlfield>
<datafield tag="022" ind1="#" ind2="#">
<subfield code="$a">2317-0190</subfield>
</datafield>
<datafield tag="022" ind1="#" ind2="#">
<subfield code="$a">0104-7795</subfield>
</datafield>
<datafield tag="042" ind1=" " ind2=" ">
<subfield code="a">dc</subfield>
</datafield>
<datafield tag="245" ind1="0" ind2="0">
<subfield code="a">Orientações sobre transferências na redução da intensidade da dor lombar crônica de cuidadores familiares em um ambulatório de cuidados paliativos: estudo piloto</subfield>
</datafield>  <datafield tag="720" ind1="1" ind2=" ">
<subfield code="a">Gomes, Andressa da Silva</subfield>
<subfield code="u">Universidade de São Paulo – FMUSP</subfield></datafield>
<datafield tag="720" ind1="1" ind2=" ">
<subfield code="a">Rocha, Juraci Aparecida</subfield>
<subfield code="u">Universidade de São Paulo – FMUSP</subfield></datafield>
<datafield tag="720" ind1="1" ind2=" ">
<subfield code="a">Santos, Guilherme Rodrigues dos</subfield>
<subfield code="u">Hospital das Clínicas de São Paulo – HCFMUSP</subfield></datafield>
<datafield tag="720" ind1="1" ind2=" ">
<subfield code="a">Tavares, Ricardo Carvalho</subfield>
<subfield code="u">Universidade de São Paulo – USP</subfield></datafield>
<datafield tag="520" ind1=" " ind2=" ">
<subfield code="a"> Objetivo: Avaliar a eficácia de uma estratégia de orientações verbal e escrita sobre transferências na redução da dor lombar em cuidador familiar de pacientes em cuidados paliativos; o impacto no desempenho das tarefas diárias do cuidador antes e após a intervenção e se a adesão às orientações resultou em melhora clínica significativa da dor e do desempenho nas atividades. Método: Trata-se de ensaio clínico piloto, realizado no ambulatório de cuidados paliativos do HCFMUSP. Foram avaliados 4 cuidadores familiares divididos em dois grupos. O grupo intervenção recebeu orientação verbal e escrita e o grupo controle apenas orientação verbal. A análise dos dados foi realizada através de medida de proporção e análise de significância estatística pelo teste exato de Fisher. A correlação entre as variáveis será realizada através de regressão logística. Resultados: Houve dificuldade no recrutamento com influência direta no tamanho reduzido da amostra. Os resultados preliminares sobre a eficácia da intervenção para redução de dor e aumento de desempenho em cuidadores familiares não demonstraram significância estatística. A análise descritiva de aderência às recomendações aponta para uma tendência promissora quanto à viabilidade da intervenção educativa. Conclusão: A relevância deste ensaio piloto deve-se a avaliação preliminar do tempo necessário para se recrutar um número adequado de participantes e a tendência de boa aderência à intervenção. A dificuldade de recrutamento de pacientes em final de vida é previsível devido ao tempo reduzido de sobrevida e a complexidade do cuidado. A eficácia da intervenção somente poderá ser demonstrada com o ajuste do tamanho da amostra. </subfield>
</datafield>
<datafield tag="260" ind1=" " ind2=" ">
<subfield code="b">Faculdade de Medicina, Universidade de São Paulo</subfield>
</datafield>
<dataField tag="260" ind1=" " ind2=" ">
<subfield code="c">2018-12-31 00:00:00</subfield>
</dataField>   <datafield tag="856" ind1=" " ind2=" ">
<subfield code="q">application/pdf</subfield>
</datafield>
<datafield tag="856" ind1="4" ind2="0">
<subfield code="u">https://www.revistas.usp.br/actafisiatrica/article/view/163859</subfield>
</datafield>  <datafield tag="786" ind1="0" ind2=" ">
<subfield code="n">Acta Fisiátrica; v. 25 n. 4 (2018)</subfield>
</datafield>  <datafield tag="546" ind1=" " ind2=" ">
<subfield code="a">por</subfield>
</datafield>   <datafield tag="540" ind1=" " ind2=" ">
<subfield code="a">Copyright (c) 2018 Acta Fisiátrica</subfield>
</datafield>
</record>
</metadata>
</record>