
<record>
<header>
<identifier>oai:revistas.usp.br:article/163863</identifier>
<datestamp>2020-03-02T12:23:47Z</datestamp>
<setSpec>actafisiatrica:Art.+Orig.</setSpec>
<setSpec>driver</setSpec>
</header>
<metadata>
<record xmlns="http://www.loc.gov/MARC21/slim" xmlns:xsi="http://www.w3.org/2001/XMLSchema-instance" xsi:schemaLocation="http://www.loc.gov/MARC21/slim http://www.loc.gov/standards/marcxml/schema/MARC21slim.xsd">
<leader>     nmb a2200000Iu 4500</leader>
<controlfield tag="008">"181231 2018                        eng  "</controlfield>
<datafield tag="022" ind1="#" ind2="#">
<subfield code="$a">2317-0190</subfield>
</datafield>
<datafield tag="022" ind1="#" ind2="#">
<subfield code="$a">0104-7795</subfield>
</datafield>
<datafield tag="042" ind1=" " ind2=" ">
<subfield code="a">dc</subfield>
</datafield>
<datafield tag="245" ind1="0" ind2="0">
<subfield code="a">Perfil epidemiológico e funcional de pacientes com diagnóstico de esclerose múltipla em Manaus, Amazonas</subfield>
</datafield>  <datafield tag="720" ind1="1" ind2=" ">
<subfield code="a">Souza, Luciana Moreira de</subfield>
<subfield code="u">Universidade Federal do Amazonas – UFAM</subfield></datafield>
<datafield tag="720" ind1="1" ind2=" ">
<subfield code="a">Oliveira, Edinangela Silva de</subfield>
<subfield code="u">Universidade Federal do Amazonas – UFAM</subfield></datafield>
<datafield tag="720" ind1="1" ind2=" ">
<subfield code="a">Sousa, Nisi Alessandra de Carvalho</subfield>
<subfield code="u">Universidade Federal do Amazonas – UFAM</subfield></datafield>
<datafield tag="720" ind1="1" ind2=" ">
<subfield code="a">Arêas, Guilherme Peixoto Tinoco</subfield>
<subfield code="u">Universidade Federal do Amazonas – UFAM</subfield></datafield>
<datafield tag="720" ind1="1" ind2=" ">
<subfield code="a">Arêas, Fernando Zanela da Silva</subfield>
<subfield code="u">Universidade Federal do Espírito Santo – UFES</subfield><subfield code="0">https://orcid.org/0000-0002-2068-2606</subfield></datafield>
<datafield tag="520" ind1=" " ind2=" ">
<subfield code="a"> Multiple sclerosis (MS) is an immune-mediated, inflammatory disease characterized by repeated episodes of demyelization. Objective: The present study aimed to trace the epidemiological and functional profile of patients with Multiple Sclerosis treated at a Reference Hospital in Manaus-AM. Method: 80 charts were selected for screening and subsequent application of the Functional Independence Measure (MIF) scale. Results: 32 patients were included in the study, 23 females (74%), whose mean age was 35 (± 12) years, with a relationship between females and males of 2.5. The mean diagnostic time for men was 7.8 years and for women of 5.3 years. The mean score on the Total MIF scale was 110.9 (± 17.5). Conclusion: Epidemiological characteristics are in line with most similar studies, but lack further studies aimed at assessing the functionality of individuals with MS. </subfield>
</datafield>
<datafield tag="260" ind1=" " ind2=" ">
<subfield code="b">Faculdade de Medicina, Universidade de São Paulo</subfield>
</datafield>
<dataField tag="260" ind1=" " ind2=" ">
<subfield code="c">2018-12-31 00:00:00</subfield>
</dataField>   <datafield tag="856" ind1=" " ind2=" ">
<subfield code="q">application/pdf</subfield>
</datafield>
<datafield tag="856" ind1="4" ind2="0">
<subfield code="u">https://www.revistas.usp.br/actafisiatrica/article/view/163863</subfield>
</datafield>  <datafield tag="786" ind1="0" ind2=" ">
<subfield code="n">Acta Fisiátrica; v. 25 n. 4 (2018)</subfield>
</datafield>  <datafield tag="546" ind1=" " ind2=" ">
<subfield code="a">eng</subfield>
</datafield>   <datafield tag="540" ind1=" " ind2=" ">
<subfield code="a">Copyright (c) 2018 Acta Fisiátrica</subfield>
</datafield>
</record>
</metadata>
</record>