
<record>
<header>
<identifier>oai:revistas.usp.br:article/163868</identifier>
<datestamp>2019-12-24T16:50:40Z</datestamp>
<setSpec>actafisiatrica:Art.+Orig.</setSpec>
<setSpec>driver</setSpec>
</header>
<metadata>
<record xmlns="http://www.loc.gov/MARC21/slim" xmlns:xsi="http://www.w3.org/2001/XMLSchema-instance" xsi:schemaLocation="http://www.loc.gov/MARC21/slim http://www.loc.gov/standards/marcxml/schema/MARC21slim.xsd">
<leader>     nmb a2200000Iu 4500</leader>
<controlfield tag="008">"181231 2018                        eng  "</controlfield>
<datafield tag="022" ind1="#" ind2="#">
<subfield code="$a">2317-0190</subfield>
</datafield>
<datafield tag="022" ind1="#" ind2="#">
<subfield code="$a">0104-7795</subfield>
</datafield>
<datafield tag="042" ind1=" " ind2=" ">
<subfield code="a">dc</subfield>
</datafield>
<datafield tag="245" ind1="0" ind2="0">
<subfield code="a">Associação de força de preensão palmar e osteoporose avaliada por densitometria óssea (DXA) em idosos quilombolas: um estudo seccional</subfield>
</datafield>  <datafield tag="720" ind1="1" ind2=" ">
<subfield code="a">Silva Neto, Luiz Sinésio</subfield>
<subfield code="u">Universidade Federal do Tocantins – UFT</subfield><subfield code="0">https://orcid.org/0000-0002-3182-7727</subfield></datafield>
<datafield tag="720" ind1="1" ind2=" ">
<subfield code="a">Rezende, Fabiane Aparecida Canaan</subfield>
<subfield code="u">Universidade Federal do Tocantins – UFT</subfield></datafield>
<datafield tag="720" ind1="1" ind2=" ">
<subfield code="a">Nunes, Daniella Pires</subfield>
<subfield code="u">Universidade Federal do Tocantins – UFT</subfield></datafield>
<datafield tag="720" ind1="1" ind2=" ">
<subfield code="a">Maciel, Erika da Silva</subfield>
<subfield code="u">Universidade Federal do Tocantins – UFT</subfield></datafield>
<datafield tag="720" ind1="1" ind2=" ">
<subfield code="a">Travassos, Andreia</subfield>
<subfield code="u">Instituto de Ensino e Pesquisa Objetivo – IEPO</subfield></datafield>
<datafield tag="720" ind1="1" ind2=" ">
<subfield code="a">Osório, Neila Barbosa</subfield>
<subfield code="u">Universidade Federal do Tocantins – UFT</subfield></datafield>
<datafield tag="520" ind1=" " ind2=" ">
<subfield code="a"> Objetivo: Verificar a associação de força de preensão palmar e osteoporose em idosos quilombolas. Método: Trata-se de um estudo seccional com 70 participantes (idade 65,58 ± 6.67 anos) de ambos os sexos. A densidade mineral óssea (DMO), massa muscular (MM) e o percentual de gordura foram analisados pela absortometria de raios-x de dupla energia (DXA) e a força de preensão palmar (FPP) por meio do dinamômetro de mão. O ponto de coorte adotado para identificação de osteoporose foi o da Organização Mundial de Saúde (OMS). A identificação do status da sarcopenia foi realizado para caraterização da amostra e para o diagnóstico foi utilizado os critérios propostos pelo European Working Group on Sarcopenia in Older People (EWGSOP). A FPP foi associada positivamente e significativamente com a DMO. Resultados: A osteopenia foi identificada em 42,8% da amostra e a osteoporose em 20%, sem diferença entre as frequências segundo o sexo (p = 0,161). Conclusão: Nos idosos quilombolas a baixa FPP esteve positivamente associada com baixa DMO. Portanto, sugerindo que a FPP pode ser considerada um fator de risco importante de estado ósseo em idosos quilombolas. </subfield>
</datafield>
<datafield tag="260" ind1=" " ind2=" ">
<subfield code="b">Faculdade de Medicina, Universidade de São Paulo</subfield>
</datafield>
<dataField tag="260" ind1=" " ind2=" ">
<subfield code="c">2018-12-31 00:00:00</subfield>
</dataField>   <datafield tag="856" ind1=" " ind2=" ">
<subfield code="q">application/pdf</subfield>
</datafield>
<datafield tag="856" ind1="4" ind2="0">
<subfield code="u">https://www.revistas.usp.br/actafisiatrica/article/view/163868</subfield>
</datafield>  <datafield tag="786" ind1="0" ind2=" ">
<subfield code="n">Acta Fisiátrica; v. 25 n. 4 (2018)</subfield>
</datafield>  <datafield tag="546" ind1=" " ind2=" ">
<subfield code="a">por</subfield>
</datafield>   <datafield tag="540" ind1=" " ind2=" ">
<subfield code="a">Copyright (c) 2018 Acta Fisiátrica</subfield>
</datafield>
</record>
</metadata>
</record>