
<record>
<header>
<identifier>oai:revistas.usp.br:article/163881</identifier>
<datestamp>2019-12-24T16:50:40Z</datestamp>
<setSpec>actafisiatrica:Art.+Orig.</setSpec>
<setSpec>driver</setSpec>
</header>
<metadata>
<record xmlns="http://www.loc.gov/MARC21/slim" xmlns:xsi="http://www.w3.org/2001/XMLSchema-instance" xsi:schemaLocation="http://www.loc.gov/MARC21/slim http://www.loc.gov/standards/marcxml/schema/MARC21slim.xsd">
<leader>     nmb a2200000Iu 4500</leader>
<controlfield tag="008">"181231 2018                        eng  "</controlfield>
<datafield tag="022" ind1="#" ind2="#">
<subfield code="$a">2317-0190</subfield>
</datafield>
<datafield tag="022" ind1="#" ind2="#">
<subfield code="$a">0104-7795</subfield>
</datafield>
<datafield tag="042" ind1=" " ind2=" ">
<subfield code="a">dc</subfield>
</datafield>
<datafield tag="245" ind1="0" ind2="0">
<subfield code="a">Tratamento da dor crônica na osteoartrite do quadril com neurólise do nervo obturador com fenol Quadfen 1</subfield>
</datafield>  <datafield tag="720" ind1="1" ind2=" ">
<subfield code="a">Crema, Chiara Maria Thá</subfield>
<subfield code="u">Faculdade de Medicina de Ribeirão Preto – FMRP USP</subfield><subfield code="0">https://orcid.org/0000-0002-2293-8097</subfield></datafield>
<datafield tag="720" ind1="1" ind2=" ">
<subfield code="a">Magario, Luiza Previato Trevisan</subfield>
<subfield code="u">Faculdade de Medicina de Ribeirão Preto – FMRP USP</subfield></datafield>
<datafield tag="720" ind1="1" ind2=" ">
<subfield code="a">Santos, Ana Paula Bertole Cirino dos</subfield>
<subfield code="u">Faculdade de Medicina de Ribeirão Preto – FMRP USP</subfield></datafield>
<datafield tag="720" ind1="1" ind2=" ">
<subfield code="a">Riberto, Marcelo</subfield>
<subfield code="u">Faculdade de Medicina de Ribeirão Preto – FMRP USP</subfield><subfield code="0">https://orcid.org/0000-0001-9549-8830</subfield></datafield>
<datafield tag="520" ind1=" " ind2=" ">
<subfield code="a"> The conservative treatment of osteoarthritis (OA) of the hip is essentially symptomatic, seeking to relieve pain and optimize function. Despite presenting great clinical effect, hip arthroplasty may have restrictions, and in these situations, the neurolytic blockade of the anterior branch of the obturator nerve can be a therapeutic alternative, since it stops the afferent pain from the hip joint. Objective: To describe the results of treating patients with severe OA of the hip by applying phenol to the obturator nerve. Method: Twelve consecutive patients with OA of the hip, refractory to conservative treatment, were recruited to have the obturator nerve localized through electrostimulation and blocked with phenol. They were evaluated in terms of pain intensity via the visual analogue scale (VAS), pressure dolorimetry in the medial and lateral gluteus medius, gluteus minimus, and piriformis, and quality of life by the Harris Hip Score (HHS) at baseline (BL) after 1 (M1), 2 (M2), and 6 months (M6). Results: The patients were between 30 and 72 years old with an avarege of 47.5 ± 1.7 years old, 5 of them were women. Three patients were excluded for not being able to come for follow up evaluations.  VAS values vaieded from 8.2 ±.0.9 at BL to 6.6 ± 1.7 at M1, 6.5 ± 1.7 at M2, and 7.3 ± 1 in M6 (p=0.0094). As to the HHS, the values were BL:33.27 ± 2.9; M1:39.2 ± 6.4; M2:40.2 ± 8.1, and M6: 38.8 ± 9.7 in the final evaluation (p=0,040). For dolorimetry, non significant variation was BL: 11±5.7, M1: 7.9±2.2; M2: 10.9±5.6; M6: 8.1 ± 1.6 (p 0.69). Conclusion: The application of phenol to the anterior branch of the obturator nerve can be an alternative in the treatment of severe OA of the hip in patients with restrictions to Total Hip Replacement (THR), since it reduces pain and improves quality of life. </subfield>
</datafield>
<datafield tag="260" ind1=" " ind2=" ">
<subfield code="b">Faculdade de Medicina, Universidade de São Paulo</subfield>
</datafield>
<dataField tag="260" ind1=" " ind2=" ">
<subfield code="c">2018-12-31 00:00:00</subfield>
</dataField>   <datafield tag="856" ind1=" " ind2=" ">
<subfield code="q">application/pdf</subfield>
</datafield>
<datafield tag="856" ind1="4" ind2="0">
<subfield code="u">https://www.revistas.usp.br/actafisiatrica/article/view/163881</subfield>
</datafield>  <datafield tag="786" ind1="0" ind2=" ">
<subfield code="n">Acta Fisiátrica; v. 25 n. 4 (2018)</subfield>
</datafield>  <datafield tag="546" ind1=" " ind2=" ">
<subfield code="a">eng</subfield>
</datafield>   <datafield tag="540" ind1=" " ind2=" ">
<subfield code="a">Copyright (c) 2018 Acta Fisiátrica</subfield>
</datafield>
</record>
</metadata>
</record>