
<record>
<header>
<identifier>oai:revistas.usp.br:article/164107</identifier>
<datestamp>2020-08-25T17:52:11Z</datestamp>
<setSpec>actafisiatrica:Art.+Orig.</setSpec>
<setSpec>driver</setSpec>
</header>
<metadata>
<record xmlns="http://www.loc.gov/MARC21/slim" xmlns:xsi="http://www.w3.org/2001/XMLSchema-instance" xsi:schemaLocation="http://www.loc.gov/MARC21/slim http://www.loc.gov/standards/marcxml/schema/MARC21slim.xsd">
<leader>     nmb a2200000Iu 4500</leader>
<controlfield tag="008">"190630 2019                        eng  "</controlfield>
<datafield tag="022" ind1="#" ind2="#">
<subfield code="$a">2317-0190</subfield>
</datafield>
<datafield tag="022" ind1="#" ind2="#">
<subfield code="$a">0104-7795</subfield>
</datafield>
<datafield tag="042" ind1=" " ind2=" ">
<subfield code="a">dc</subfield>
</datafield>
<datafield tag="245" ind1="0" ind2="0">
<subfield code="a">Validade, confiabilidade e responsividade da versão brasileira do questionário Patient Specific Functional Scale (PSFS-Br) nas lesões do membro superior</subfield>
</datafield>  <datafield tag="720" ind1="1" ind2=" ">
<subfield code="a">Balbi, Larissa Lavoura</subfield>
<subfield code="u">Faculdade de Medicina de Ribeirão Preto da Universidade de São Paulo</subfield></datafield>
<datafield tag="720" ind1="1" ind2=" ">
<subfield code="a">Barbosa, Rafael Inácio</subfield>
<subfield code="u">Universidade Federal de Santa Catarina – UFSC</subfield></datafield>
<datafield tag="720" ind1="1" ind2=" ">
<subfield code="a">Marcolino, Alexandre Marcio</subfield>
<subfield code="u">Universidade Federal de Santa Catarina – UFSC</subfield></datafield>
<datafield tag="720" ind1="1" ind2=" ">
<subfield code="a">Sugano, Raquel Metzker</subfield>
<subfield code="u">Hospital das Clínicas da Faculdade de Medicina de Ribeirão Preto da Universidade de São Paulo</subfield></datafield>
<datafield tag="720" ind1="1" ind2=" ">
<subfield code="a">Fonseca, Marisa de Cássia Registro</subfield>
<subfield code="u">Faculdade de Medicina de Ribeirão Preto da Universidade de São Paulo</subfield></datafield>
<datafield tag="520" ind1=" " ind2=" ">
<subfield code="a"> Lesões podem gerar consequências funcionais e mudanças de vida para o indivíduo. Além do exame físico, a aplicação de questionários de autorrelato são fundamentais para a tomada de decisão, determinação do prognóstico e avaliação da eficácia do tratamento. O Patient Specific Functional Scale (PSFS) é um questionário individual que avalia o estado funcional do indivíduo.  Suas vantagens propostas incluem sua ampla aplicabilidade, facilidade de administração, e adequada responsividade para análise da evolução funcional. Entretanto, esta escala ainda não está disponível na versão em português-brasileiro. Objetivo: Realizar a tradução e adaptação transcultural do questionário e analisar sua validade, confiabilidade e responsividade em pacientes com lesões do membro superior. Métodos: O PSFS-Br foi desenvolvido usando diretrizes padronizadas e o processo de tradução ocorreu em 5 etapas. Após a versão definitiva, 100 pacientes com lesões do membro superior foram recrutados e responderam o PSFS-Br, Quick-DASH-Br a Escala Visual Analógica em três ocasiões. Resultados: A compreensão adequada do instrumento pela população alvo resultou em boa validade de face. O PSFS-Br, quando comparado ao QuickDASH-Br, apresentou validade de construto fraca r = -0,36, excelente confiabilidade teste-reteste (ICC = 0,91) e apresentou alta responsividade com Tamanho do Efeito(TE) = 1,85, Média da resposta Padronizada (MRP) = 2, 75, Erro padrão de medida (EPM) = 0,36 e Minima diferença dectável (MDD) = 1,5. Conclusão: Este estudo demostrou que o PSFS-Br é uma ferramenta válida, confiável e responsiva para pacientes brasileiros com lesões do membro superior. </subfield>
</datafield>
<datafield tag="260" ind1=" " ind2=" ">
<subfield code="b">Faculdade de Medicina, Universidade de São Paulo</subfield>
</datafield>
<dataField tag="260" ind1=" " ind2=" ">
<subfield code="c">2019-06-30 00:00:00</subfield>
</dataField>   <datafield tag="856" ind1=" " ind2=" ">
<subfield code="q">application/pdf</subfield>
</datafield>
<datafield tag="856" ind1="4" ind2="0">
<subfield code="u">https://www.revistas.usp.br/actafisiatrica/article/view/164107</subfield>
</datafield>  <datafield tag="786" ind1="0" ind2=" ">
<subfield code="n">Acta Fisiátrica; v. 26 n. 2 (2019)</subfield>
</datafield>  <datafield tag="546" ind1=" " ind2=" ">
<subfield code="a">por</subfield>
</datafield>   <datafield tag="540" ind1=" " ind2=" ">
<subfield code="a">Copyright (c) 2019 Acta Fisiátrica</subfield>
</datafield>
</record>
</metadata>
</record>