
<record>
<header>
<identifier>oai:revistas.usp.br:article/164367</identifier>
<datestamp>2020-08-26T12:22:16Z</datestamp>
<setSpec>actafisiatrica:Art.+Orig.</setSpec>
<setSpec>driver</setSpec>
</header>
<metadata>
<record xmlns="http://www.loc.gov/MARC21/slim" xmlns:xsi="http://www.w3.org/2001/XMLSchema-instance" xsi:schemaLocation="http://www.loc.gov/MARC21/slim http://www.loc.gov/standards/marcxml/schema/MARC21slim.xsd">
<leader>     nmb a2200000Iu 4500</leader>
<controlfield tag="008">"190630 2019                        eng  "</controlfield>
<datafield tag="022" ind1="#" ind2="#">
<subfield code="$a">2317-0190</subfield>
</datafield>
<datafield tag="022" ind1="#" ind2="#">
<subfield code="$a">0104-7795</subfield>
</datafield>
<datafield tag="042" ind1=" " ind2=" ">
<subfield code="a">dc</subfield>
</datafield>
<datafield tag="245" ind1="0" ind2="0">
<subfield code="a">Dupla tarefa ecológica e seu impacto na mobilidade funcional de idosos</subfield>
</datafield>  <datafield tag="720" ind1="1" ind2=" ">
<subfield code="a">Carvalho, Regiane Luz</subfield>
<subfield code="u">Centro Universitário das Faculdades Associadas de Ensino - UNIFAE</subfield><subfield code="0">https://orcid.org/0000-0003-2948-8903</subfield></datafield>
<datafield tag="720" ind1="1" ind2=" ">
<subfield code="a">Rodrigues, Vinícius Batalini</subfield>
<subfield code="u">Centro Universitário das Faculdades Associadas de Ensino - UNIFAE</subfield></datafield>
<datafield tag="720" ind1="1" ind2=" ">
<subfield code="a">Franco, Laura Rezende</subfield>
<subfield code="u">Centro Universitário das Faculdades Associadas de Ensino - UNIFAE</subfield></datafield>
<datafield tag="720" ind1="1" ind2=" ">
<subfield code="a">Vilas Boas, Vanessa</subfield>
<subfield code="u">Faculdade de Educação Física, Unicamp - FEF/UNICAMP</subfield></datafield>
<datafield tag="520" ind1=" " ind2=" ">
<subfield code="a"> O celular tem feito parte das atividades diárias e oferece várias facilidades para os idosos. Como outras conveniências da vida moderna seu uso pode apresentar alguns efeitos que devem ser explorados. Objetivo: Investigar o efeito do celular na mobilidade funcional de adultos (GA) e idosos (GI). Método: Participaram deste estudo 30 idosos, 70,96 ± 5,17 anos e 30 adultos 23±2,26 anos. Foram avaliados pelo MEEM, FES-I e TUG que foi coletado durante a execução de 5 tarefas (TUG 1 simples, TUG 2 dupla tarefa (DT) digitando ao celular, TUG 3 DT respondendo perguntas ao celular, TUG 4 DT nomeando os dias da semana ao contrário, TUG 5 DT segurando um copo com água). Resultados: Houve diferença entre os grupos na FES-I (p=0,001) e no TUG em todas as tarefas analisadas (p=0,00001). A DT de digitar ao celular foi a que mais afetou o desempenho dos idosos no TUG (p=0,00008) seguida pela DT 4 (cognitiva convencional) p= 0,005 e DT 3 (p=0,004). Não houve efeito da DT 5 (motora) (p=0,03). Para o GA só houve efeito da DT 2 (p=0,027). Conclusão: O uso do celular impactou de forma negativa a performance de idosos e pode ser considerado uma DT mais realista. A distração gerada por esta tarefa pode aumentar o risco de queda e deve ser considerada em campanhas preventivas assim como programas de reabilitação. </subfield>
</datafield>
<datafield tag="260" ind1=" " ind2=" ">
<subfield code="b">Faculdade de Medicina, Universidade de São Paulo</subfield>
</datafield>
<dataField tag="260" ind1=" " ind2=" ">
<subfield code="c">2019-06-30 00:00:00</subfield>
</dataField>   <datafield tag="856" ind1=" " ind2=" ">
<subfield code="q">application/pdf</subfield>
</datafield>
<datafield tag="856" ind1="4" ind2="0">
<subfield code="u">https://www.revistas.usp.br/actafisiatrica/article/view/164367</subfield>
</datafield>  <datafield tag="786" ind1="0" ind2=" ">
<subfield code="n">Acta Fisiátrica; v. 26 n. 2 (2019)</subfield>
</datafield>  <datafield tag="546" ind1=" " ind2=" ">
<subfield code="a">por</subfield>
</datafield>   <datafield tag="540" ind1=" " ind2=" ">
<subfield code="a">Copyright (c) 2019 Acta Fisiátrica</subfield>
</datafield>
</record>
</metadata>
</record>