
<record>
<header>
<identifier>oai:revistas.usp.br:article/164725</identifier>
<datestamp>2020-08-26T17:28:19Z</datestamp>
<setSpec>actafisiatrica:Art.+Orig.</setSpec>
<setSpec>driver</setSpec>
</header>
<metadata>
<record xmlns="http://www.loc.gov/MARC21/slim" xmlns:xsi="http://www.w3.org/2001/XMLSchema-instance" xsi:schemaLocation="http://www.loc.gov/MARC21/slim http://www.loc.gov/standards/marcxml/schema/MARC21slim.xsd">
<leader>     nmb a2200000Iu 4500</leader>
<controlfield tag="008">"190630 2019                        eng  "</controlfield>
<datafield tag="022" ind1="#" ind2="#">
<subfield code="$a">2317-0190</subfield>
</datafield>
<datafield tag="022" ind1="#" ind2="#">
<subfield code="$a">0104-7795</subfield>
</datafield>
<datafield tag="042" ind1=" " ind2=" ">
<subfield code="a">dc</subfield>
</datafield>
<datafield tag="245" ind1="0" ind2="0">
<subfield code="a">Sistemas de saúde e percepção de barreiras para admissão e aderência em programas de reabilitação cardíaca: estudo comparativo</subfield>
</datafield>  <datafield tag="720" ind1="1" ind2=" ">
<subfield code="a">Santos, Tácito Zaildo de Morais</subfield>
<subfield code="u">Universidade Federal do Rio Grande do Norte – UFRN</subfield><subfield code="0">https://orcid.org/0000-0002-9495-7078</subfield></datafield>
<datafield tag="720" ind1="1" ind2=" ">
<subfield code="a">Nogueira, Patrícia Angélica Miranda Silva</subfield>
<subfield code="u">Universidade Federal do Rio Grande do Norte – UFRN</subfield><subfield code="0">https://orcid.org/0000-0002-3763-2410</subfield></datafield>
<datafield tag="720" ind1="1" ind2=" ">
<subfield code="a">Nogueira, Ivan Daniel Bezerra</subfield>
<subfield code="u">Universidade Federal do Rio Grande do Norte – UFRN</subfield></datafield>
<datafield tag="720" ind1="1" ind2=" ">
<subfield code="a">Ghisi, Gabriela Lima de Melo</subfield>
<subfield code="u">University Health Network – UHN</subfield><subfield code="0">https://orcid.org/0000-0001-7946-3718</subfield></datafield>
<datafield tag="720" ind1="1" ind2=" ">
<subfield code="a">Monteiro, Karolinne Souza</subfield>
<subfield code="u">Universidade Federal do Rio Grande do Norte – UFRN</subfield></datafield>
<datafield tag="720" ind1="1" ind2=" ">
<subfield code="a">Santino, Thayla Amorim</subfield>
<subfield code="u">Universidade Federal do Rio Grande do Norte – UFRN</subfield></datafield>
<datafield tag="720" ind1="1" ind2=" ">
<subfield code="a">Ferreira, Gardênia Maria Holanda</subfield>
<subfield code="u">Universidade Federal do Rio Grande do Norte – UFRN</subfield><subfield code="0">https://orcid.org/0000-0003-2631-5564</subfield></datafield>
<datafield tag="520" ind1=" " ind2=" ">
<subfield code="a"> Além da elevada prevalência de doenças cardiovasculares (DCV), iniquidades regionais no acesso aos serviços de saúde e subutilização de programas de reabilitação cardíaca (PRC) ainda são marcantes no cenário brasileiro. Objetivo: Esse estudo visou descrever e comparar barreiras para uso de PRC em usuários de diferentes sistemas de saúde e níveis de atendimento em um estado brasileiro. Métodos: Participantes de PRC e pacientes elegíveis de enfermarias e ambulatórios foram pareados pelos sistemas de saúde que utilizavam e responderam a Escala de Barreiras para Reabilitação Cardíaca (EBRC). Os testes U de Mann-Withney e Kruskal Wallis foram usados para comparar barreiras entre os sistemas de saúde e entre níveis de atendimento, respectivamente. Resultados: Cento e quarenta (87%) pacientes participaram do estudo. A média total dos itens da escala foi 1,98±0,48 e diferiu apenas entre participantes de PRC e pacientes internados (p&lt;0,05). Algumas barreiras de acesso, necessidades percebidas e comorbidades/estado funcional foram maiores no sistema público do que no privado (p&lt;0,05). A falta de conhecimento sobre PRC (3.75±1.66) e a falta de referência médica (2.32±1.53) destacaram-se no domínio necessidades percebidas, que teve o maior escore médio da amostra (2.31±0.71). Conclusões: Barreiras de acesso e necessidades percebidas foram maiores para usuários de serviços públicos. Viagens e trabalho foram barreiras maiores para participantes de PRC, enquanto para pacientes internados e ambulatoriais as maiores barreiras foram necessidades percebidas. Logo, a disseminação de PRC e estratégias para referência de elegíveis devem ser estimuladas em ambos os sistemas de saúde e níveis de atendimento. </subfield>
</datafield>
<datafield tag="260" ind1=" " ind2=" ">
<subfield code="b">Faculdade de Medicina, Universidade de São Paulo</subfield>
</datafield>
<dataField tag="260" ind1=" " ind2=" ">
<subfield code="c">2019-06-30 00:00:00</subfield>
</dataField>   <datafield tag="856" ind1=" " ind2=" ">
<subfield code="q">application/pdf</subfield>
</datafield>
<datafield tag="856" ind1="4" ind2="0">
<subfield code="u">https://www.revistas.usp.br/actafisiatrica/article/view/164725</subfield>
</datafield>  <datafield tag="786" ind1="0" ind2=" ">
<subfield code="n">Acta Fisiátrica; v. 26 n. 2 (2019)</subfield>
</datafield>  <datafield tag="546" ind1=" " ind2=" ">
<subfield code="a">por</subfield>
</datafield>   <datafield tag="540" ind1=" " ind2=" ">
<subfield code="a">Copyright (c) 2019 Acta Fisiátrica</subfield>
</datafield>
</record>
</metadata>
</record>