
<record>
<header>
<identifier>oai:revistas.usp.br:article/164952</identifier>
<datestamp>2020-08-28T13:32:30Z</datestamp>
<setSpec>actafisiatrica:Art.+Orig.</setSpec>
<setSpec>driver</setSpec>
</header>
<metadata>
<record xmlns="http://www.loc.gov/MARC21/slim" xmlns:xsi="http://www.w3.org/2001/XMLSchema-instance" xsi:schemaLocation="http://www.loc.gov/MARC21/slim http://www.loc.gov/standards/marcxml/schema/MARC21slim.xsd">
<leader>     nmb a2200000Iu 4500</leader>
<controlfield tag="008">"190630 2019                        eng  "</controlfield>
<datafield tag="022" ind1="#" ind2="#">
<subfield code="$a">2317-0190</subfield>
</datafield>
<datafield tag="022" ind1="#" ind2="#">
<subfield code="$a">0104-7795</subfield>
</datafield>
<datafield tag="042" ind1=" " ind2=" ">
<subfield code="a">dc</subfield>
</datafield>
<datafield tag="245" ind1="0" ind2="0">
<subfield code="a">Prevalência de insuficiência cardíaca e associação com saúde autorreferida no Brasil: Pesquisa Nacional de Saúde - 2013</subfield>
</datafield>  <datafield tag="720" ind1="1" ind2=" ">
<subfield code="a">Nogueira, Ivan Daniel Bezerra</subfield>
<subfield code="u">Universidade Federal do Rio Grande do Norte – UFRN</subfield></datafield>
<datafield tag="720" ind1="1" ind2=" ">
<subfield code="a">Nogueira, Patrícia Angélica de Miranda Silva</subfield>
<subfield code="u">Universidade Federal do Rio Grande do Norte – UFRN</subfield><subfield code="0">https://orcid.org/0000-0002-3763-2410</subfield></datafield>
<datafield tag="720" ind1="1" ind2=" ">
<subfield code="a">Fonseca, Aline Medeiros Cavalcanti da</subfield>
<subfield code="u">Universidade Federal do Rio Grande do Norte – UFRN</subfield></datafield>
<datafield tag="720" ind1="1" ind2=" ">
<subfield code="a">Santos, Tácito Zaildo de Morais</subfield>
<subfield code="u">Universidade Federal do Rio Grande do Norte – UFRN</subfield><subfield code="0">https://orcid.org/0000-0002-9495-7078</subfield></datafield>
<datafield tag="720" ind1="1" ind2=" ">
<subfield code="a">Souza, Damião Ernane de</subfield>
<subfield code="u">Instituto Brasileiro de Geografia e Estatistica – IBGE</subfield><subfield code="0">https://orcid.org/0000-0003-2662-5060</subfield></datafield>
<datafield tag="720" ind1="1" ind2=" ">
<subfield code="a">Ferreira, Gardênia Maria Holanda</subfield>
<subfield code="u">Universidade Federal do Rio Grande do Norte – UFRN</subfield><subfield code="0">https://orcid.org/0000-0003-2631-5564</subfield></datafield>
<datafield tag="520" ind1=" " ind2=" ">
<subfield code="a"> A insuficiência cardíaca (IC) é um desafio na saúde mundial. A saúde autorreferida (SAR) é preditora de morbimortalidade e é categorizada em saúde autorreferida boa (SAR B) e precária (SAR P). Objetivo: Estimar a prevalência da IC e associação com a SAR no Brasil. Métodos: Este estudo utilizou dados da Pesquisa Nacional de Saúde (PNS) em 2013, com dados válidos para 59.655 adultos (≥ 18 anos). A prevalência de IC relacionou-se às características sociodemográficas, percepção do estado de saúde (SAR, percepções de saúde física e mental), diagnóstico de depressão e prática de exercício físico. Utilizou-se a regressão de Poisson com variância robusta. Resultados: O diagnóstico de IC foi referido por 1,1% dos entrevistados. Observou-se que ter o diagnóstico médico de IC aumenta em quatro vezes a chance de ter pior percepção de saúde (OR = 4,17; IC95% 3,65–4,76), contudo essa medida reduz para menos da metade, quando ajustado por faixa etária e percepção da saúde física (OR = 1,78; IC95% 1,52–2,08). Conclusão: A prevalência de IC representou 1,7 milhões de indivíduos com essa enfermidade na população brasileira. A estreita associação entre IC e SAR precária evidenciou aumento de 78% de chance do indivíduo que tenha IC relatar SAR precária. </subfield>
</datafield>
<datafield tag="260" ind1=" " ind2=" ">
<subfield code="b">Faculdade de Medicina, Universidade de São Paulo</subfield>
</datafield>
<dataField tag="260" ind1=" " ind2=" ">
<subfield code="c">2019-06-30 00:00:00</subfield>
</dataField>   <datafield tag="856" ind1=" " ind2=" ">
<subfield code="q">application/pdf</subfield>
</datafield>
<datafield tag="856" ind1="4" ind2="0">
<subfield code="u">https://www.revistas.usp.br/actafisiatrica/article/view/164952</subfield>
</datafield>  <datafield tag="786" ind1="0" ind2=" ">
<subfield code="n">Acta Fisiátrica; v. 26 n. 2 (2019)</subfield>
</datafield>  <datafield tag="546" ind1=" " ind2=" ">
<subfield code="a">por</subfield>
</datafield>   <datafield tag="540" ind1=" " ind2=" ">
<subfield code="a">Copyright (c) 2019 Acta Fisiátrica</subfield>
</datafield>
</record>
</metadata>
</record>