
<record>
<header>
<identifier>oai:revistas.usp.br:article/165583</identifier>
<datestamp>2020-08-31T15:18:14Z</datestamp>
<setSpec>actafisiatrica:Rel.+Caso</setSpec>
<setSpec>driver</setSpec>
</header>
<metadata>
<record xmlns="http://www.loc.gov/MARC21/slim" xmlns:xsi="http://www.w3.org/2001/XMLSchema-instance" xsi:schemaLocation="http://www.loc.gov/MARC21/slim http://www.loc.gov/standards/marcxml/schema/MARC21slim.xsd">
<leader>     nmb a2200000Iu 4500</leader>
<controlfield tag="008">"190630 2019                        eng  "</controlfield>
<datafield tag="022" ind1="#" ind2="#">
<subfield code="$a">2317-0190</subfield>
</datafield>
<datafield tag="022" ind1="#" ind2="#">
<subfield code="$a">0104-7795</subfield>
</datafield>
<datafield tag="042" ind1=" " ind2=" ">
<subfield code="a">dc</subfield>
</datafield>
<datafield tag="245" ind1="0" ind2="0">
<subfield code="a">Avaliação da porcentagem de gordura corporal em um indivíduo com amputação transfemoral bilateral por diferentes métodos: estudo de caso</subfield>
</datafield>  <datafield tag="720" ind1="1" ind2=" ">
<subfield code="a">Carvalho, Jaqueline Nery Vieira de</subfield>
<subfield code="u">Instituto de Medicina Física e Reabilitação, Hospital das Clínicas da Faculdade de Medicina da Universidade de São Paulo</subfield></datafield>
<datafield tag="720" ind1="1" ind2=" ">
<subfield code="a">Uezato, Noemia Tamashiro</subfield>
<subfield code="u">Instituto de Medicina Física e Reabilitação, Hospital das Clínicas da Faculdade de Medicina da Universidade de São Paulo</subfield></datafield>
<datafield tag="720" ind1="1" ind2=" ">
<subfield code="a">Lopes, Rosana Aparecida de Freitas</subfield>
<subfield code="u">Instituto de Medicina Física e Reabilitação, Hospital das Clínicas da Faculdade de Medicina da Universidade de São Paulo</subfield></datafield>
<datafield tag="520" ind1=" " ind2=" ">
<subfield code="a"> A amputação predispõe a um risco de alterações na composição corporal, condição que interfere no equilíbrio no uso da prótese, aumenta o cansaço físico e tem como consequência menor rendimento nas terapias físicas. Nesse sentido, é fundamental eleger o método mais apropriado para avaliar a composição corporal. Objetivo: Avaliar a porcentagem de gordura corporal em um indivíduo com amputação transfemoral por diferentes métodos. Método: Trata-se de um estudo de caso de caráter clínico retrospectivo com um participante do sexo masculino, idade 67 anos com amputação transfemoral bilateral por insuficiência vascular, atendido pelo Serviço de Nutrição do Instituto de Medicina Física e Reabilitação do Hospital das Clínicas da Faculdade de Medicina da Universidade de São Paulo - IMREA HCFMUSP. Utilizou-se o somatório das dobras cutâneas, absorciometria de raio-X de dupla energia (DXA) e análise de impedância bioelétrica (IB). Resultados: Os dados antropométricos apontaram porcentagem de gordura corporal de 34,3%, a IB 33% e o DXA revelou 37%. Conclusão: Para este caso, sugere-se que na inviabilidade de avaliar a porcentagem de gordura corporal em indivíduos com amputação com o DXA, o somatório das dobras é o método elegível. Estudos futuros são imprescindíveis a fim de estabelecer o método adequado para avaliação da composição corporal de pessoas com amputações bilaterais de membros inferiores, tendo em vista que este resultado contribui para o melhor desfecho clínico de pacientes em processo de reabilitação. </subfield>
</datafield>
<datafield tag="260" ind1=" " ind2=" ">
<subfield code="b">Faculdade de Medicina, Universidade de São Paulo</subfield>
</datafield>
<dataField tag="260" ind1=" " ind2=" ">
<subfield code="c">2019-06-30 00:00:00</subfield>
</dataField>   <datafield tag="856" ind1=" " ind2=" ">
<subfield code="q">application/pdf</subfield>
</datafield>
<datafield tag="856" ind1="4" ind2="0">
<subfield code="u">https://www.revistas.usp.br/actafisiatrica/article/view/165583</subfield>
</datafield>  <datafield tag="786" ind1="0" ind2=" ">
<subfield code="n">Acta Fisiátrica; v. 26 n. 2 (2019)</subfield>
</datafield>  <datafield tag="546" ind1=" " ind2=" ">
<subfield code="a">por</subfield>
</datafield>   <datafield tag="540" ind1=" " ind2=" ">
<subfield code="a">Copyright (c) 2019 Acta Fisiátrica</subfield>
</datafield>
</record>
</metadata>
</record>