
<record>
<header>
<identifier>oai:revistas.usp.br:article/165638</identifier>
<datestamp>2020-08-27T19:25:08Z</datestamp>
<setSpec>actafisiatrica:Art.+Orig.</setSpec>
<setSpec>driver</setSpec>
</header>
<metadata>
<record xmlns="http://www.loc.gov/MARC21/slim" xmlns:xsi="http://www.w3.org/2001/XMLSchema-instance" xsi:schemaLocation="http://www.loc.gov/MARC21/slim http://www.loc.gov/standards/marcxml/schema/MARC21slim.xsd">
<leader>     nmb a2200000Iu 4500</leader>
<controlfield tag="008">"190630 2019                        eng  "</controlfield>
<datafield tag="022" ind1="#" ind2="#">
<subfield code="$a">2317-0190</subfield>
</datafield>
<datafield tag="022" ind1="#" ind2="#">
<subfield code="$a">0104-7795</subfield>
</datafield>
<datafield tag="042" ind1=" " ind2=" ">
<subfield code="a">dc</subfield>
</datafield>
<datafield tag="245" ind1="0" ind2="0">
<subfield code="a">Efeitos a longo prazo na capacidade funcional de indivíduos com hemiplegia pós acidente vascular cerebral que participaram de um programa de condicionamento físico: follow-up 6 meses</subfield>
</datafield>  <datafield tag="720" ind1="1" ind2=" ">
<subfield code="a">Oliveira, Fernanda Melo</subfield>
<subfield code="u">Instituto de Medicina Física e Reabilitação, Hospital das Clinicas da Faculdade de Medicina da Universidade de São Paulo</subfield></datafield>
<datafield tag="720" ind1="1" ind2=" ">
<subfield code="a">Sabbag, Livia Maria dos Santos</subfield>
<subfield code="u">Instituto de Medicina Física e Reabilitação, Hospital das Clinicas da Faculdade de Medicina da Universidade de São Paulo</subfield></datafield>
<datafield tag="720" ind1="1" ind2=" ">
<subfield code="a">Cichon, Flavio Rodrigo</subfield>
<subfield code="u">Instituto de Medicina Física e Reabilitação, Hospital das Clinicas da Faculdade de Medicina da Universidade de São Paulo</subfield><subfield code="0">https://orcid.org/0000-0002-0757-6200</subfield></datafield>
<datafield tag="720" ind1="1" ind2=" ">
<subfield code="a">Mota, Cristiane Gonçalves</subfield>
<subfield code="u">Instituto de Medicina Física e Reabilitação, Hospital das Clinicas da Faculdade de Medicina da Universidade de São Paulo</subfield><subfield code="0">https://orcid.org/0000-0001-8596-8712</subfield></datafield>
<datafield tag="520" ind1=" " ind2=" ">
<subfield code="a"> O acidente vascular cerebral (AVC) é uma das principais causas de mortes e incapacidade no mundo, tendo como uma das principais sequelas a fraqueza muscular, que afeta a mobilidade física e, consequentemente, as atividades da vida diária. A prática de exercício é muito importante para essa população por contribuir para o aumento da força muscular e melhora da capacidade funcional. Objetivo: Verificar se as pessoas com hemiplegia após acidente vascular cerebral mantiveram os resultados obtidos após um programa de exercícios, realizado em uma instituição de reabilitação e identificar quais as barreiras por eles encontradas para continuar a prática de exercícios. Método: Trata-se de um estudo intervencionista, longitudinal, com acompanhamento de 24 semanas. Cinco participantes (55,8 ± 10,5 anos) com AVC crônico foram avaliados quanto a força muscular, equilíbrio postural, força e resistência de membros inferiores, adesão à prática de exercícios e as possíveis barreiras para continuidade dessa prática. Resultados: Após 24 semanas de seguimento, os participantes apresentaram aumento da força muscular nos membros inferiores e não houve diferença para capacidade funcional. As principais barreiras identificadas para continuidade na prática de exercícios foram: dor ou desconforto, falta de interesse em praticar exercício físico, de conhecimento e possuir alguma limitação física. Conclusão: O exercício em domicílio parece ser um método eficaz para manutenção e aumento da força muscular. Há necessidade de mais estudos com estratégias de baixo custo, que visem mudanças no comportamento para obter, melhora na capacidade física dessas pessoas, após a participação em um programa de exercícios. </subfield>
</datafield>
<datafield tag="260" ind1=" " ind2=" ">
<subfield code="b">Faculdade de Medicina, Universidade de São Paulo</subfield>
</datafield>
<dataField tag="260" ind1=" " ind2=" ">
<subfield code="c">2019-06-30 00:00:00</subfield>
</dataField>   <datafield tag="856" ind1=" " ind2=" ">
<subfield code="q">application/pdf</subfield>
</datafield>
<datafield tag="856" ind1="4" ind2="0">
<subfield code="u">https://www.revistas.usp.br/actafisiatrica/article/view/165638</subfield>
</datafield>  <datafield tag="786" ind1="0" ind2=" ">
<subfield code="n">Acta Fisiátrica; v. 26 n. 2 (2019)</subfield>
</datafield>  <datafield tag="546" ind1=" " ind2=" ">
<subfield code="a">por</subfield>
</datafield>   <datafield tag="540" ind1=" " ind2=" ">
<subfield code="a">Copyright (c) 2019 Acta Fisiátrica</subfield>
</datafield>
</record>
</metadata>
</record>