
<record>
<header>
<identifier>oai:revistas.usp.br:article/165643</identifier>
<datestamp>2020-08-27T11:35:25Z</datestamp>
<setSpec>actafisiatrica:Art.+Orig.</setSpec>
<setSpec>driver</setSpec>
</header>
<metadata>
<record xmlns="http://www.loc.gov/MARC21/slim" xmlns:xsi="http://www.w3.org/2001/XMLSchema-instance" xsi:schemaLocation="http://www.loc.gov/MARC21/slim http://www.loc.gov/standards/marcxml/schema/MARC21slim.xsd">
<leader>     nmb a2200000Iu 4500</leader>
<controlfield tag="008">"190630 2019                        eng  "</controlfield>
<datafield tag="022" ind1="#" ind2="#">
<subfield code="$a">2317-0190</subfield>
</datafield>
<datafield tag="022" ind1="#" ind2="#">
<subfield code="$a">0104-7795</subfield>
</datafield>
<datafield tag="042" ind1=" " ind2=" ">
<subfield code="a">dc</subfield>
</datafield>
<datafield tag="245" ind1="0" ind2="0">
<subfield code="a">Impacto de um treinamento para o uso da Classificação Internacional de Funcionalidade, Incapacidade e Saúde</subfield>
</datafield>  <datafield tag="720" ind1="1" ind2=" ">
<subfield code="a">Polese, Janaine Cunha</subfield>
<subfield code="u">Faculdade Ciências Médicas de Minas Gerais – FCMMG</subfield><subfield code="0">https://orcid.org/0000-0003-3366-1545</subfield></datafield>
<datafield tag="720" ind1="1" ind2=" ">
<subfield code="a">Lana, Raquel Carvalho</subfield>
<subfield code="u">Faculdade Ciências Médicas de Minas Gerais – FCMMG</subfield></datafield>
<datafield tag="720" ind1="1" ind2=" ">
<subfield code="a">Fonseca, Angélica Cristina Sousa</subfield>
<subfield code="u">Centro Universitário de Formiga - UNIFOR</subfield></datafield>
<datafield tag="720" ind1="1" ind2=" ">
<subfield code="a">Costa, Pollyana Helena Vieira</subfield>
<subfield code="u">Faculdade Ciências Médicas de Minas Gerais – FCMMG</subfield><subfield code="0">https://orcid.org/0000-0002-5932-200X</subfield></datafield>
<datafield tag="720" ind1="1" ind2=" ">
<subfield code="a">Pernambuco, Andrei Pereira</subfield>
<subfield code="u">Centro Universitário de Formiga - UNIFOR</subfield></datafield>
<datafield tag="520" ind1=" " ind2=" ">
<subfield code="a"> O treinamento voltado para profissionais poderia ser uma abordagem simples e eficaz para aumentar o uso da Classificação Internacional de Funcionalidade, Incapacidade e Saúde (CIF) como uma ferramenta para a prática dos profissionais. Nesse caso, o treinamento pode ser crucial para seu uso correto como uma classificação, além de mostrar sua utilidade na prática clínica diária, principalmente em equipes multidisciplinares. Objetivo: O objetivo do presente estudo foi verificar o impacto de um curso de formação em CIF no conhecimento de fisioterapeutas e terapeutas ocupacionais. Métodos: Estudo experimental que utilizou questionário estruturado para avaliar o conhecimento dos profissionais sobre a CIF antes e depois de participar de um curso de treinamento. Os dados dos dois momentos foram comparados com o percentual de acertos e o teste do qui-quadrado (α = 0,05). Resultados: foram investigados 434 profissionais, com tempo de graduação de 9,3 ± 7,2 anos. Observou-se que o curso foi eficaz, pois houve maior percentual de respostas corretas no pós-curso; além disso, a análise estatística mostrou uma diferença significativa entre os dois momentos do curso na maioria das perguntas (18,91 &lt;c2 &lt;292,90, p &lt;0,01). Conclusões: O curso de treinamento foi capaz de aumentar significativamente o nível de conhecimento desses profissionais, que atualmente são capazes de entender e usar a CIF, contudo a ausência de um período de follow up não permite a mensuração do conteúdo retido pelos participantes. </subfield>
</datafield>
<datafield tag="260" ind1=" " ind2=" ">
<subfield code="b">Faculdade de Medicina, Universidade de São Paulo</subfield>
</datafield>
<dataField tag="260" ind1=" " ind2=" ">
<subfield code="c">2019-06-30 00:00:00</subfield>
</dataField>   <datafield tag="856" ind1=" " ind2=" ">
<subfield code="q">application/pdf</subfield>
</datafield>
<datafield tag="856" ind1="4" ind2="0">
<subfield code="u">https://www.revistas.usp.br/actafisiatrica/article/view/165643</subfield>
</datafield>  <datafield tag="786" ind1="0" ind2=" ">
<subfield code="n">Acta Fisiátrica; v. 26 n. 2 (2019)</subfield>
</datafield>  <datafield tag="546" ind1=" " ind2=" ">
<subfield code="a">por</subfield>
</datafield>   <datafield tag="540" ind1=" " ind2=" ">
<subfield code="a">Copyright (c) 2019 Acta Fisiátrica</subfield>
</datafield>
</record>
</metadata>
</record>