
<record>
<header>
<identifier>oai:revistas.usp.br:article/165645</identifier>
<datestamp>2020-08-31T19:30:13Z</datestamp>
<setSpec>actafisiatrica:Tend.+Refle.</setSpec>
<setSpec>driver</setSpec>
</header>
<metadata>
<record xmlns="http://www.loc.gov/MARC21/slim" xmlns:xsi="http://www.w3.org/2001/XMLSchema-instance" xsi:schemaLocation="http://www.loc.gov/MARC21/slim http://www.loc.gov/standards/marcxml/schema/MARC21slim.xsd">
<leader>     nmb a2200000Iu 4500</leader>
<controlfield tag="008">"190630 2019                        eng  "</controlfield>
<datafield tag="022" ind1="#" ind2="#">
<subfield code="$a">2317-0190</subfield>
</datafield>
<datafield tag="022" ind1="#" ind2="#">
<subfield code="$a">0104-7795</subfield>
</datafield>
<datafield tag="042" ind1=" " ind2=" ">
<subfield code="a">dc</subfield>
</datafield>
<datafield tag="245" ind1="0" ind2="0">
<subfield code="a">Tecnologia assistiva e deficiência: avaliação clínica e resultados funcionais</subfield>
</datafield>  <datafield tag="100" ind1="1" ind2=" ">
<subfield code="a">Imamura, Marta</subfield>
<subfield code="u">Universidade de São Paulo, Faculdade de Medicina</subfield><subfield code="0">https://orcid.org/0000-0003-0355-9697</subfield></datafield>
<datafield tag="520" ind1=" " ind2=" ">
<subfield code="a"> A tecnologia assistiva é definida como a aplicação de conhecimento e habilidades relacionada aos produtos assistivos incluindo os sistemas e os serviços. A tecnologia assistiva é um subitem da tecnologia em saúde. Já o produto assistivo é qualquer produto, incluindo equipamentos, aparelhos, instrumentos ou software, especialmente produzidos e desenvolvidos e geralmente disponíveis. O seu objetivo primário é o de manter ou o de melhorar a funcionalidade do indivíduo e a sua independência, promovendo assim o seu bem-estar. A tecnologia assistiva permite a acessibilidade, promove a inclusão, a participação e o engajamento de pessoas com deficiências, idosos ou com comorbidades incapacitantes. Estas ações facilitadoras são observadas na família, na comunidade e em todas as áreas da sociedade, incluindo as esferas política, economica e social. </subfield>
</datafield>
<datafield tag="260" ind1=" " ind2=" ">
<subfield code="b">Faculdade de Medicina, Universidade de São Paulo</subfield>
</datafield>
<dataField tag="260" ind1=" " ind2=" ">
<subfield code="c">2019-06-30 00:00:00</subfield>
</dataField>   <datafield tag="856" ind1=" " ind2=" ">
<subfield code="q">application/pdf</subfield>
</datafield>
<datafield tag="856" ind1="4" ind2="0">
<subfield code="u">https://www.revistas.usp.br/actafisiatrica/article/view/165645</subfield>
</datafield>  <datafield tag="786" ind1="0" ind2=" ">
<subfield code="n">Acta Fisiátrica; v. 26 n. 2 (2019)</subfield>
</datafield>  <datafield tag="546" ind1=" " ind2=" ">
<subfield code="a">por</subfield>
</datafield>   <datafield tag="540" ind1=" " ind2=" ">
<subfield code="a">Copyright (c) 2019 Acta Fisiátrica</subfield>
</datafield>
</record>
</metadata>
</record>