
<record>
<header>
<identifier>oai:revistas.usp.br:article/166122</identifier>
<datestamp>2020-08-28T17:35:56Z</datestamp>
<setSpec>actafisiatrica:Art.+Orig.</setSpec>
<setSpec>driver</setSpec>
</header>
<metadata>
<record xmlns="http://www.loc.gov/MARC21/slim" xmlns:xsi="http://www.w3.org/2001/XMLSchema-instance" xsi:schemaLocation="http://www.loc.gov/MARC21/slim http://www.loc.gov/standards/marcxml/schema/MARC21slim.xsd">
<leader>     nmb a2200000Iu 4500</leader>
<controlfield tag="008">"190630 2019                        eng  "</controlfield>
<datafield tag="022" ind1="#" ind2="#">
<subfield code="$a">2317-0190</subfield>
</datafield>
<datafield tag="022" ind1="#" ind2="#">
<subfield code="$a">0104-7795</subfield>
</datafield>
<datafield tag="042" ind1=" " ind2=" ">
<subfield code="a">dc</subfield>
</datafield>
<datafield tag="245" ind1="0" ind2="0">
<subfield code="a">Tradução e adaptação cultural da Neurological Impairment Scale (NIS) para a população brasileira</subfield>
</datafield>  <datafield tag="720" ind1="1" ind2=" ">
<subfield code="a">Pereira, Mayara Silva</subfield>
<subfield code="u">Centro Universitário Estácio de Sergipe</subfield></datafield>
<datafield tag="720" ind1="1" ind2=" ">
<subfield code="a">Leite, Paula Michele Santos</subfield>
<subfield code="u">Centro Universitário Estácio de Sergipe</subfield></datafield>
<datafield tag="720" ind1="1" ind2=" ">
<subfield code="a">Abner, Thiago Santos Sousa</subfield>
<subfield code="u">Centro Universitário Estácio de Sergipe</subfield></datafield>
<datafield tag="720" ind1="1" ind2=" ">
<subfield code="a">Azevedo-Santos, Isabela Freire</subfield>
<subfield code="u">Centro Universitário Estácio de Sergipe</subfield><subfield code="0">https://orcid.org/0000-0001-8836-8640</subfield></datafield>
<datafield tag="520" ind1=" " ind2=" ">
<subfield code="a"> As doenças neurológicas compreendem as afecções do sistema nervoso central (SNC) e/ou do sistema nervoso periférico (SNP) e afetam 1 bilhão de pessoas em todo o mundo e é previsto um grande número de novos casos para os próximos 30 anos. Estas doenças ocasionam perda funcional e consequente desenvolvimento de incapacidades, e por isto necessitam ser avaliadas minuciosamente. A Neurological Impairment Scale (NIS) engloba itens considerados essenciais para a avaliação funcional (incorporados da escala MIF e MAF) e ao mesmo tempo codifica as disfunções com base na CIF.  Objetivo: Traduzir e adaptar culturalmente a versão brasileira da Neurological Impairment Scale (NIS) em pacientes com doença neurológica aguda. Método: O método de pesquisa desenvolvido foi dividido em 4 etapas: autorização, tradução, síntese, retrotradução, revisão de especialistas e pré-teste. No pré-teste, a Escala de Disfunção Neurológica (EDN) e a MIF foram aplicadas em 10 pacientes com doença neurológica internados em uma enfermaria hospitalar. Foram analisadas a confiabilidade e validade deste instrumento. Resultados: Foi evidenciada a validade de conteúdo, construto e de critério concorrente, além de alta consistência interna (confiabilidade) da EDN, quando aplicada na amostra de pacientes neurológicos na fase aguda. Não foi possível evidenciar no presente estudo a validade preditiva do instrumento. Conclusão: A Escala de Disfunção Neurológica foi considerada um instrumento válido, confiável e adaptado culturalmente para a população brasileira. Estima-se a realização de novos estudos utilizando esta escala com o intuito de difundir e consolidar o seu uso por profissionais de saúde no Brasil. </subfield>
</datafield>
<datafield tag="260" ind1=" " ind2=" ">
<subfield code="b">Faculdade de Medicina, Universidade de São Paulo</subfield>
</datafield>
<dataField tag="260" ind1=" " ind2=" ">
<subfield code="c">2019-06-30 00:00:00</subfield>
</dataField>   <datafield tag="856" ind1=" " ind2=" ">
<subfield code="q">application/pdf</subfield>
</datafield>
<datafield tag="856" ind1="4" ind2="0">
<subfield code="u">https://www.revistas.usp.br/actafisiatrica/article/view/166122</subfield>
</datafield>  <datafield tag="786" ind1="0" ind2=" ">
<subfield code="n">Acta Fisiátrica; v. 26 n. 2 (2019)</subfield>
</datafield>  <datafield tag="546" ind1=" " ind2=" ">
<subfield code="a">por</subfield>
</datafield>   <datafield tag="540" ind1=" " ind2=" ">
<subfield code="a">Copyright (c) 2019 Acta Fisiátrica</subfield>
</datafield>
</record>
</metadata>
</record>