
<record>
<header>
<identifier>oai:revistas.usp.br:article/166375</identifier>
<datestamp>2020-08-31T20:00:40Z</datestamp>
<setSpec>actafisiatrica:Art.+Orig.</setSpec>
<setSpec>driver</setSpec>
</header>
<metadata>
<record xmlns="http://www.loc.gov/MARC21/slim" xmlns:xsi="http://www.w3.org/2001/XMLSchema-instance" xsi:schemaLocation="http://www.loc.gov/MARC21/slim http://www.loc.gov/standards/marcxml/schema/MARC21slim.xsd">
<leader>     nmb a2200000Iu 4500</leader>
<controlfield tag="008">"190930 2019                        eng  "</controlfield>
<datafield tag="022" ind1="#" ind2="#">
<subfield code="$a">2317-0190</subfield>
</datafield>
<datafield tag="022" ind1="#" ind2="#">
<subfield code="$a">0104-7795</subfield>
</datafield>
<datafield tag="042" ind1=" " ind2=" ">
<subfield code="a">dc</subfield>
</datafield>
<datafield tag="245" ind1="0" ind2="0">
<subfield code="a">Análise inter e intra-avaliador da abdução do ombro hemiparético pelo PhysioPlay™: software para medir a amplitude de movimento</subfield>
</datafield>  <datafield tag="720" ind1="1" ind2=" ">
<subfield code="a">Ferreira, Daiane Marques</subfield>
<subfield code="u">Departamento de Fisioterapia, Universidade Federal de Alfenas – UNIFAL</subfield><subfield code="0">https://orcid.org/0000-0003-0820-7500</subfield></datafield>
<datafield tag="720" ind1="1" ind2=" ">
<subfield code="a">Carvalho, Leonardo César</subfield>
<subfield code="u">Departamento de Fisioterapia, Universidade Federal de Alfenas – UNIFAL</subfield></datafield>
<datafield tag="720" ind1="1" ind2=" ">
<subfield code="a">Kosour, Carolina</subfield>
<subfield code="u">Departamento de Fisioterapia, Universidade Federal de Alfenas – UNIFAL</subfield><subfield code="0">https://orcid.org/0000-0001-6479-9550</subfield></datafield>
<datafield tag="720" ind1="1" ind2=" ">
<subfield code="a">Santos, Adriana Teresa Silva</subfield>
<subfield code="u">Departamento de Fisioterapia, Universidade Federal de Alfenas – UNIFAL</subfield></datafield>
<datafield tag="720" ind1="1" ind2=" ">
<subfield code="a">Marin, Lucas Fechio</subfield>
<subfield code="u">Instituto de Ciências Exatas, Universidade Federal de Alfenas – UNIFAL</subfield></datafield>
<datafield tag="720" ind1="1" ind2=" ">
<subfield code="a">Santos, Gabriela Xavier</subfield>
<subfield code="u">Departamento de Fisioterapia, Universidade Federal de Alfenas – UNIFAL</subfield></datafield>
<datafield tag="720" ind1="1" ind2=" ">
<subfield code="a">Bressan, Paulo Alexandre</subfield>
<subfield code="u">Instituto de Ciências Exatas, Universidade Federal de Alfenas – UNIFAL</subfield></datafield>
<datafield tag="720" ind1="1" ind2=" ">
<subfield code="a">Reis, Luciana Maria dos</subfield>
<subfield code="u">Departamento de Fisioterapia, Universidade Federal de Alfenas – UNIFAL</subfield><subfield code="0">https://orcid.org/0000-0002-0672-7804</subfield></datafield>
<datafield tag="520" ind1=" " ind2=" ">
<subfield code="a"> Changes in balance are observed in some hemiparetics following a stroke, generating significant physical, social, and economic impacts; thus, an assessment was developed to facilitate treatment plans for patients. Goniometry is currently used as an evaluation tool for range of motion (ROM); however, the development of exergames has brought a new perspective to the assessment, which uses a dynamic mechanism and has little subjectivity. Objective: This study evaluates the inter-and intra-rater reliability of ROM measurement of the shoulder abduction in post-stroke patients using the exergame PhysioPlay™. Method: Thirteen volunteer chronic stroke survivors, aged 58.23 ± 9.96 years (men and women), participated in this study. Two physiotherapists evaluated the abduction of the shoulder using goniometry and the exergame PhysioPlay™. A retest was performed one week later. Clinical trial registry number – RBR-55smwr. Results: The results of the analyses using intraclass correlation coeficient (ICC) showed an excellent inter- and intra-rater reliability level (r &gt; 0.90; p &lt; .05). The Pearson correlation between the maximum measures obtained in the goniometry and the software PhysioPlay™ showed a high correlation (r &gt; 0.90, p= .001). Conclusion: The Kinect associated with the exergame PhysioPlay™ presented excellent reliability in capturing the ROM measure compared to the conventional goniometry. </subfield>
</datafield>
<datafield tag="260" ind1=" " ind2=" ">
<subfield code="b">Faculdade de Medicina, Universidade de São Paulo</subfield>
</datafield>
<dataField tag="260" ind1=" " ind2=" ">
<subfield code="c">2019-09-30 00:00:00</subfield>
</dataField>   <datafield tag="856" ind1=" " ind2=" ">
<subfield code="q">application/pdf</subfield>
</datafield>
<datafield tag="856" ind1="4" ind2="0">
<subfield code="u">https://www.revistas.usp.br/actafisiatrica/article/view/166375</subfield>
</datafield>  <datafield tag="786" ind1="0" ind2=" ">
<subfield code="n">Acta Fisiátrica; v. 26 n. 3 (2019)</subfield>
</datafield>  <datafield tag="546" ind1=" " ind2=" ">
<subfield code="a">eng</subfield>
</datafield>   <datafield tag="540" ind1=" " ind2=" ">
<subfield code="a">Copyright (c) 2019 Acta Fisiátrica</subfield>
</datafield>
</record>
</metadata>
</record>