
<record>
<header>
<identifier>oai:revistas.usp.br:article/166378</identifier>
<datestamp>2020-08-31T14:24:57Z</datestamp>
<setSpec>actafisiatrica:Art.+Orig.</setSpec>
<setSpec>driver</setSpec>
</header>
<metadata>
<record xmlns="http://www.loc.gov/MARC21/slim" xmlns:xsi="http://www.w3.org/2001/XMLSchema-instance" xsi:schemaLocation="http://www.loc.gov/MARC21/slim http://www.loc.gov/standards/marcxml/schema/MARC21slim.xsd">
<leader>     nmb a2200000Iu 4500</leader>
<controlfield tag="008">"190630 2019                        eng  "</controlfield>
<datafield tag="022" ind1="#" ind2="#">
<subfield code="$a">2317-0190</subfield>
</datafield>
<datafield tag="022" ind1="#" ind2="#">
<subfield code="$a">0104-7795</subfield>
</datafield>
<datafield tag="042" ind1=" " ind2=" ">
<subfield code="a">dc</subfield>
</datafield>
<datafield tag="245" ind1="0" ind2="0">
<subfield code="a">Relação entre fatores ambientais e qualidade de vida em indivíduos com acidente vascular cerebral usuários da atenção primária do Sistema Único de Saúde</subfield>
</datafield>  <datafield tag="720" ind1="1" ind2=" ">
<subfield code="a">Cruz, Camila Ferreira da</subfield>
<subfield code="u">Programa de Pós-graduação em Ciências da Reabilitação, Universidade Federal de Minas Gerais – UFMG</subfield></datafield>
<datafield tag="720" ind1="1" ind2=" ">
<subfield code="a">Silva, Soraia Micaela</subfield>
<subfield code="u">Programa de Pós-graduação em Ciências da Reabilitação, Universidade Nove de Julho – UNINOVE</subfield></datafield>
<datafield tag="720" ind1="1" ind2=" ">
<subfield code="a">Araújo, Erika de Freitas</subfield>
<subfield code="u">Programa de Pós-graduação em Ciências da Reabilitação, Universidade Nove de Julho – UNINOVE</subfield></datafield>
<datafield tag="720" ind1="1" ind2=" ">
<subfield code="a">Peniche, Paula da Cruz</subfield>
<subfield code="u">Programa de Pós-graduação em Ciências da Reabilitação, Universidade Federal de Minas Gerais – UFMG</subfield></datafield>
<datafield tag="720" ind1="1" ind2=" ">
<subfield code="a">Aguiar, Larissa Tavares</subfield>
<subfield code="u">Programa de Pós-graduação em Ciências da Reabilitação, Universidade Federal de Minas Gerais – UFMG</subfield></datafield>
<datafield tag="720" ind1="1" ind2=" ">
<subfield code="a">Faria, Christina Danielli Coelho de Morais</subfield>
<subfield code="u">Programa de Pós-graduação em Ciências da Reabilitação, Universidade Federal de Minas Gerais – UFMG</subfield><subfield code="0">https://orcid.org/0000-0001-9784-9729</subfield></datafield>
<datafield tag="520" ind1=" " ind2=" ">
<subfield code="a"> O fator ambiental constitui o ambiente físico, social e atitudinal em que indivíduo vive e conduz sua vida, incluindo barreiras e/ou facilitadores. A qualidade de vida é um construto amplo que envolve vários fatores, dentre eles o ambiental. A relação entre qualidade de vida relacionada à saúde (QVRS) após Acidente Vascular Cerebral (AVC) e fatores ambientais ainda é pouco explorada. Conhecer essa relação pode facilitar o processo de avaliação e planejamento de intervenções para melhora da QVRS desses indivíduos.  Objetivo: Investigar a associação entre fatores ambientais e QVRS de indivíduos com AVC, na fase crônica, usuários da atenção primária à saúde de Belo Horizonte (BH)/Brasil. Métodos: Fatores ambientais foram avaliados pelo Measure of the Quality of Environment (MQE) e a QVRS pela Escala de Qualidade de Vida Específica para Acidente Vascular Encefálico (EQVE-AVE). Correlação de Spearman foi utilizada para investigar a associação entre fatores ambientais e QVRS (escore total e dos domínios do EQVE-AVE) (α=5%). Resultados: Foram encontradas associações significantes, negativas e de fraca magnitude entre fatores ambientais considerados como obstáculos com o escore total do EQVE-AVE (p =0,001; rho = -0,33) e com os domínios de mobilidade (p =0,01 rho = -0,33) e trabalho/produtividade do EQVE-AVE (p =0,03; rho = -0,28). Conclusão: Fatores ambientais e QVRS possuem associação significante, ainda que seja de fraca magnitude. Portanto, fatores ambientais considerados como obstáculos, devem ser considerados na abordagem da QVRS de indivíduos na fase crônica após AVC, usuários da atenção primária à saúde do Brasil. </subfield>
</datafield>
<datafield tag="260" ind1=" " ind2=" ">
<subfield code="b">Faculdade de Medicina, Universidade de São Paulo</subfield>
</datafield>
<dataField tag="260" ind1=" " ind2=" ">
<subfield code="c">2019-06-30 00:00:00</subfield>
</dataField>   <datafield tag="856" ind1=" " ind2=" ">
<subfield code="q">application/pdf</subfield>
</datafield>
<datafield tag="856" ind1="4" ind2="0">
<subfield code="u">https://www.revistas.usp.br/actafisiatrica/article/view/166378</subfield>
</datafield>  <datafield tag="786" ind1="0" ind2=" ">
<subfield code="n">Acta Fisiátrica; v. 26 n. 2 (2019)</subfield>
</datafield>  <datafield tag="546" ind1=" " ind2=" ">
<subfield code="a">por</subfield>
</datafield>   <datafield tag="540" ind1=" " ind2=" ">
<subfield code="a">Copyright (c) 2019 Acta Fisiátrica</subfield>
</datafield>
</record>
</metadata>
</record>