
<record>
<header>
<identifier>oai:revistas.usp.br:article/166646</identifier>
<datestamp>2020-09-04T11:02:04Z</datestamp>
<setSpec>actafisiatrica:Tend.+Refle.</setSpec>
<setSpec>driver</setSpec>
</header>
<metadata>
<record xmlns="http://www.loc.gov/MARC21/slim" xmlns:xsi="http://www.w3.org/2001/XMLSchema-instance" xsi:schemaLocation="http://www.loc.gov/MARC21/slim http://www.loc.gov/standards/marcxml/schema/MARC21slim.xsd">
<leader>     nmb a2200000Iu 4500</leader>
<controlfield tag="008">"190930 2019                        eng  "</controlfield>
<datafield tag="022" ind1="#" ind2="#">
<subfield code="$a">2317-0190</subfield>
</datafield>
<datafield tag="022" ind1="#" ind2="#">
<subfield code="$a">0104-7795</subfield>
</datafield>
<datafield tag="042" ind1=" " ind2=" ">
<subfield code="a">dc</subfield>
</datafield>
<datafield tag="245" ind1="0" ind2="0">
<subfield code="a">Recomendações para prescrição de dispositivos auxiliares da marcha em idosos</subfield>
</datafield>  <datafield tag="720" ind1="1" ind2=" ">
<subfield code="a">Porto, Jaqueline Mello</subfield>
<subfield code="u">Faculdade de Medicina de Ribeirão Preto, Universidade de São Paulo – FMRP-USP</subfield><subfield code="0">https://orcid.org/0000-0002-8128-2083</subfield></datafield>
<datafield tag="720" ind1="1" ind2=" ">
<subfield code="a">Iosimuta, Natália Camargo Rodrigues</subfield>
<subfield code="u">Universidade Federal do Amapá – UNIFAP</subfield></datafield>
<datafield tag="720" ind1="1" ind2=" ">
<subfield code="a">Coelho, Ana Carolina</subfield>
<subfield code="u">Faculdade de Medicina de Ribeirão Preto, Universidade de São Paulo – FMRP-USP</subfield></datafield>
<datafield tag="720" ind1="1" ind2=" ">
<subfield code="a">Abreu, Daniela Cristina Carvalho de</subfield>
<subfield code="u">Faculdade de Medicina de Ribeirão Preto, Universidade de São Paulo – FMRP-USP</subfield><subfield code="0">https://orcid.org/0000-0003-4681-2613</subfield></datafield>
<datafield tag="520" ind1=" " ind2=" ">
<subfield code="a"> O uso de um dispositivo auxiliar da marcha (DAM), como bengala ou andador, pode auxiliar os idosos na realização de suas atividades diárias, mantendo-os funcionalmente independentes e relativamente ativos. Porém, a utilização inadequada, o mau estado e as dimensões incorretas do dispositivo, assim como erros na prescrição do tipo de dispositivo podem aumentar o risco de quedas nos idosos usuários de DAM. Diante da falta de recomendações quanto à sua prescrição, o objetivo desse artigo é discorrer sobre os pré-requisitos para a prescrição de cada dispositivo (bengala e andador), de acordo com a nossa experiência adquirida na Área de Fisioterapia em Gerontologia, no Centro de Reabilitação (CER) do Hospital das Clínicas de Ribeirão Preto, considerando as evidências científicas disponíveis até o momento. Assim, com a difusão das informações contidas nesse artigo para os profissionais da saúde que prestam assistência a idosos, espera-se aprimorar a prática de prescrição do DAM e de educação do idoso, de seus familiares e cuidadores, a fim de que sejam alcançados os benefícios do uso de um DAM e prevenidos os possíveis eventos adversos, como as quedas. </subfield>
</datafield>
<datafield tag="260" ind1=" " ind2=" ">
<subfield code="b">Faculdade de Medicina, Universidade de São Paulo</subfield>
</datafield>
<dataField tag="260" ind1=" " ind2=" ">
<subfield code="c">2019-09-30 00:00:00</subfield>
</dataField>   <datafield tag="856" ind1=" " ind2=" ">
<subfield code="q">application/pdf</subfield>
</datafield>
<datafield tag="856" ind1="4" ind2="0">
<subfield code="u">https://www.revistas.usp.br/actafisiatrica/article/view/166646</subfield>
</datafield>  <datafield tag="786" ind1="0" ind2=" ">
<subfield code="n">Acta Fisiátrica; v. 26 n. 3 (2019)</subfield>
</datafield>  <datafield tag="546" ind1=" " ind2=" ">
<subfield code="a">por</subfield>
</datafield>   <datafield tag="540" ind1=" " ind2=" ">
<subfield code="a">Copyright (c) 2019 Acta Fisiátrica</subfield>
</datafield>
</record>
</metadata>
</record>