
<record>
<header>
<identifier>oai:revistas.usp.br:article/166723</identifier>
<datestamp>2021-02-02T14:48:29Z</datestamp>
<setSpec>actafisiatrica:Art.+Orig.</setSpec>
<setSpec>driver</setSpec>
</header>
<metadata>
<record xmlns="http://www.loc.gov/MARC21/slim" xmlns:xsi="http://www.w3.org/2001/XMLSchema-instance" xsi:schemaLocation="http://www.loc.gov/MARC21/slim http://www.loc.gov/standards/marcxml/schema/MARC21slim.xsd">
<leader>     nmb a2200000Iu 4500</leader>
<controlfield tag="008">"200630 2020                        eng  "</controlfield>
<datafield tag="022" ind1="#" ind2="#">
<subfield code="$a">2317-0190</subfield>
</datafield>
<datafield tag="022" ind1="#" ind2="#">
<subfield code="$a">0104-7795</subfield>
</datafield>
<datafield tag="042" ind1=" " ind2=" ">
<subfield code="a">dc</subfield>
</datafield>
<datafield tag="245" ind1="0" ind2="0">
<subfield code="a">Estudo comparativo dos efeitos da hidroterapia e método Pilates sobre a capacidade funcional de pacientes portadores de fibromialgia</subfield>
</datafield>  <datafield tag="720" ind1="1" ind2=" ">
<subfield code="a">Kümpel, Claudia</subfield>
<subfield code="u">Centro Universitário Adventista de São Paulo – UNASP  </subfield><subfield code="0">https://orcid.org/0000-0002-6278-3536</subfield></datafield>
<datafield tag="720" ind1="1" ind2=" ">
<subfield code="a">Porto, Elias Ferreira</subfield>
<subfield code="u">Centro Universitário Adventista de São Paulo – UNASP  </subfield><subfield code="0">https://orcid.org/0000-0001-8326-2054</subfield><subfield code="0">https://orcid.org/0000-0001-8326-2054</subfield></datafield>
<datafield tag="720" ind1="1" ind2=" ">
<subfield code="a">Silva, Kyara Morgana Oliveira Moura</subfield>
<subfield code="u">Centro Universitário Adventista de São Paulo</subfield></datafield>
<datafield tag="720" ind1="1" ind2=" ">
<subfield code="a">Aguiar, Sonia Dias de</subfield>
<subfield code="u">Fisioterapeuta, Rede Pública de São Paulo</subfield></datafield>
<datafield tag="720" ind1="1" ind2=" ">
<subfield code="a">Lima, Paula Bernardo de</subfield>
<subfield code="u">Centro Universitário Adventista de São Paulo – UNASP  </subfield></datafield>
<datafield tag="720" ind1="1" ind2=" ">
<subfield code="a">Campos, Gustavo Freitas </subfield>
<subfield code="u">Fisioterapeuta, Rede Pública de São Paulo</subfield></datafield>
<datafield tag="720" ind1="1" ind2=" ">
<subfield code="a">Castro, Antonio Adolfo Mattos de</subfield>
<subfield code="u">Universidade Federal do Pampa - UNIPAMPA</subfield></datafield>
<datafield tag="720" ind1="1" ind2=" ">
<subfield code="a">Quadros, Abrahão Augusto Joviniano</subfield>
<subfield code="u">Centro Universitário Adventista de São Paulo – UNASP  </subfield><subfield code="0">https://orcid.org/0000-0001-8197-5915</subfield><subfield code="0">https://orcid.org/0000-0001-8197-5915</subfield></datafield>
<datafield tag="520" ind1=" " ind2=" ">
<subfield code="a"> A síndrome da fibromialgia é complexa e a hidroterapia e os exercícios contido no método Pilates podem ser uma alternativa não farmacológico no tratamento destes pacientes. Objetivo: Avaliar os efeitos da hidroterapia e do método Pilates sobre a redução da dor, melhora da capacidade funcional e da qualidade do sono em pacientes com fibromialgia. Método: Estudo prospectivo no qual foram avaliados 80 pacientes do sexo feminino com diagnóstico clínico de SF, distribuídas aleatoriamente em dois grupos, o Grupo I realizava tratamento por meio da hidroterapia e o grupo II por meio do método Pilates. A dor foi avaliada por meio da EVA e da algometria, a qualidade de vida dos pacientes foi avaliada (QIF), qualidade do sono por meio (IQSP), o grau de sonolência durante oito atividades rotineiras por meio da escala de Epworth todos foram realizados antes e após tratamento. Resultados: 50 pacientes com SF fizeram parte do estudo, deste 30 foram para o GI e 20 para GII, média global da idade foi 50,8±12,5. Houve redução do impacto global da doença na vida dos pacientes de ambos os grupos. Ambos os grupos melhoraram igualmente qualidade do sono. Houve melhora da dor medida por ambos os métodos (p&lt;0,0001) e (p=0,013) grupo I e II respectivamente. Conclusão: A hidroterapia e os exercícios do método Pilates se mostraram igualmente eficazes na redução do impacto global, melhora do sono e capacidade funcional em pacientes com fibromialgia. </subfield>
</datafield>
<datafield tag="260" ind1=" " ind2=" ">
<subfield code="b">Faculdade de Medicina, Universidade de São Paulo</subfield>
</datafield>
<dataField tag="260" ind1=" " ind2=" ">
<subfield code="c">2020-06-30 00:00:00</subfield>
</dataField>   <datafield tag="856" ind1=" " ind2=" ">
<subfield code="q">application/pdf</subfield>
</datafield>
<datafield tag="856" ind1="4" ind2="0">
<subfield code="u">https://www.revistas.usp.br/actafisiatrica/article/view/166723</subfield>
</datafield>  <datafield tag="786" ind1="0" ind2=" ">
<subfield code="n">Acta Fisiátrica; v. 27 n. 2 (2020)</subfield>
</datafield>  <datafield tag="546" ind1=" " ind2=" ">
<subfield code="a">por</subfield>
</datafield>   <datafield tag="540" ind1=" " ind2=" ">
<subfield code="a">Copyright (c) 2020 Acta Fisiátrica</subfield>
</datafield>
</record>
</metadata>
</record>