
<record>
<header>
<identifier>oai:revistas.usp.br:article/166868</identifier>
<datestamp>2021-03-25T14:48:20Z</datestamp>
<setSpec>actafisiatrica:Art.+Orig.</setSpec>
<setSpec>driver</setSpec>
</header>
<metadata>
<record xmlns="http://www.loc.gov/MARC21/slim" xmlns:xsi="http://www.w3.org/2001/XMLSchema-instance" xsi:schemaLocation="http://www.loc.gov/MARC21/slim http://www.loc.gov/standards/marcxml/schema/MARC21slim.xsd">
<leader>     nmb a2200000Iu 4500</leader>
<controlfield tag="008">"200930 2020                        eng  "</controlfield>
<datafield tag="022" ind1="#" ind2="#">
<subfield code="$a">2317-0190</subfield>
</datafield>
<datafield tag="022" ind1="#" ind2="#">
<subfield code="$a">0104-7795</subfield>
</datafield>
<datafield tag="042" ind1=" " ind2=" ">
<subfield code="a">dc</subfield>
</datafield>
<datafield tag="245" ind1="0" ind2="0">
<subfield code="a">Padrões neurofisiológicos da resposta tardia ao tratamento clínico e cirúrgico da neuropatia ulnar na hanseníase</subfield>
</datafield>  <datafield tag="720" ind1="1" ind2=" ">
<subfield code="a">Borela, Marianna Cossi Monseff</subfield>
<subfield code="u">Instituto Lauro de Souza Lima – ILSL</subfield></datafield>
<datafield tag="720" ind1="1" ind2=" ">
<subfield code="a">Cury Filho, Milton</subfield>
<subfield code="u">Instituto Lauro de Souza Lima – ILSL</subfield></datafield>
<datafield tag="720" ind1="1" ind2=" ">
<subfield code="a">Kirchner, Daniel Rocco</subfield>
<subfield code="u">Instituto Lauro de Souza Lima – ILSL</subfield></datafield>
<datafield tag="720" ind1="1" ind2=" ">
<subfield code="a">Salgado, Manuel Henrique</subfield>
<subfield code="u">Universidade Estadual Paulista – UNESP</subfield></datafield>
<datafield tag="720" ind1="1" ind2=" ">
<subfield code="a">Virmond, Marcos da Cunha Lopes</subfield>
<subfield code="u">Universidade Nove de Julho – UNINOVE</subfield><subfield code="0">https://orcid.org/0000-0002-1395-639X</subfield></datafield>
<datafield tag="720" ind1="1" ind2=" ">
<subfield code="a">Garbino, José Antonio</subfield>
<subfield code="u">Instituto Lauro de Souza Lima – ILSL</subfield><subfield code="0">https://orcid.org/0000-0002-4042-5797</subfield></datafield>
<datafield tag="520" ind1=" " ind2=" ">
<subfield code="a"> Leprosy  neuropathy  may  develop  into  subacute  and  chronic  inflammatory  scenarios, called reactions, which may cause entrapments in the anatomic tunnels.  Objective: This study describes the late nerve conduction findings  in patients with ulnar neuropathy at the elbow that were submitted to clinical and surgery treatments.  Methods: A total of 27 nerves  of  21  patients  with  borderline  leprosy  during  type  1  (reversal)  reaction  were selected in a non- competing retrospective cohort for three years. The nerves with treated clinically   active   neuropathy (Group   A1) were   randomized   for   inclusion   of   surgical treatment (Group A2) after one month of clinical treatment without clear signs of clinical and neurophysiological improvement. Fifteen nerves were randomly chosen for surgery while  12  were  clinically  treated,  after  steroids  treatment  without  expected  response. Nerve conduction was measured before and after treatment on four occasions. Results: The authors observed significant improvement in the following variables in the surgically treated nerves: compound motor action potential amplitude (CMAP) at elbow and above elbow and conduction velocity (CV) along the forearm.  Conclusion: The improvement of CMAP amplitudes and conduction velocity (CV) along the forearm express the late effect of nerve decompression. Persistence of temporal dispersion (TD) along  the  elbow  was  related  to  the  new  reaction  or  to  incomplete  surgical  solution. However, moderate  reduction  in  CV  along  the  elbow,  without  TD,  was  considered an indication  of na expected  partial  remyelination.  Previous  gradation  of  the  nerve  lesion  based  on  the CMAP amplitude was related to the most severe results. </subfield>
</datafield>
<datafield tag="260" ind1=" " ind2=" ">
<subfield code="b">Faculdade de Medicina, Universidade de São Paulo</subfield>
</datafield>
<dataField tag="260" ind1=" " ind2=" ">
<subfield code="c">2020-09-30 00:00:00</subfield>
</dataField>   <datafield tag="856" ind1=" " ind2=" ">
<subfield code="q">application/pdf</subfield>
</datafield>
<datafield tag="856" ind1="4" ind2="0">
<subfield code="u">https://www.revistas.usp.br/actafisiatrica/article/view/166868</subfield>
</datafield>  <datafield tag="786" ind1="0" ind2=" ">
<subfield code="n">Acta Fisiátrica; v. 27 n. 3 (2020)</subfield>
</datafield>  <datafield tag="546" ind1=" " ind2=" ">
<subfield code="a">eng</subfield>
</datafield>   <datafield tag="540" ind1=" " ind2=" ">
<subfield code="a">Copyright (c) 2020 Acta Fisiátrica</subfield>
</datafield>
</record>
</metadata>
</record>