
<record>
<header>
<identifier>oai:revistas.usp.br:article/166959</identifier>
<datestamp>2020-09-01T15:10:25Z</datestamp>
<setSpec>actafisiatrica:Art.+Orig.</setSpec>
<setSpec>driver</setSpec>
</header>
<metadata>
<record xmlns="http://www.loc.gov/MARC21/slim" xmlns:xsi="http://www.w3.org/2001/XMLSchema-instance" xsi:schemaLocation="http://www.loc.gov/MARC21/slim http://www.loc.gov/standards/marcxml/schema/MARC21slim.xsd">
<leader>     nmb a2200000Iu 4500</leader>
<controlfield tag="008">"190930 2019                        eng  "</controlfield>
<datafield tag="022" ind1="#" ind2="#">
<subfield code="$a">2317-0190</subfield>
</datafield>
<datafield tag="022" ind1="#" ind2="#">
<subfield code="$a">0104-7795</subfield>
</datafield>
<datafield tag="042" ind1=" " ind2=" ">
<subfield code="a">dc</subfield>
</datafield>
<datafield tag="245" ind1="0" ind2="0">
<subfield code="a">Relação da força muscular e limiar de tolerância de dor à pressão em pacientes com lombalgia crônica</subfield>
</datafield>  <datafield tag="720" ind1="1" ind2=" ">
<subfield code="a">Melo, Bhianca Luize Silva</subfield>
<subfield code="u">Centro Universitário Adventista de São Paulo – UNASP</subfield></datafield>
<datafield tag="720" ind1="1" ind2=" ">
<subfield code="a">Silva, Leiciane Lima da</subfield>
<subfield code="u">Centro Universitário Adventista de São Paulo – UNASP</subfield></datafield>
<datafield tag="720" ind1="1" ind2=" ">
<subfield code="a">Almeida, Patrícia Figueiredo de</subfield>
<subfield code="u">Centro Universitário Adventista de São Paulo – UNASP</subfield></datafield>
<datafield tag="720" ind1="1" ind2=" ">
<subfield code="a">Silva, Natália Cristina de Oliveira Vargas</subfield>
<subfield code="u">Centro Universitário Adventista de São Paulo – UNASP</subfield><subfield code="0">https://orcid.org/0000-0002-0747-9478</subfield></datafield>
<datafield tag="720" ind1="1" ind2=" ">
<subfield code="a">Alfieri, Fábio Marcon</subfield>
<subfield code="u">Centro Universitário Adventista de São Paulo – UNASP</subfield><subfield code="0">https://orcid.org/0000-0002-5242-3246</subfield></datafield>
<datafield tag="520" ind1=" " ind2=" ">
<subfield code="a"> Relações de dor, incapacidade e força muscular podem estar assoicadas na lombalgia crônica. Objetivo: Avaliar a associação entre força muscular do músculo glúteo médio e força de preensão palmar, limiar de tolerância de dor à pressão (LTDP) e nível de incapacidade, em pacientes com lombalgia crônica. Métodos: Trata-se de um estudo transversal observacional do qual participaram 50 indivíduos de ambos os sexos. O nível de incapacidade foi avaliado pelo questionário Roland-Morris (QRM). O LTDP foi avaliado por algometria no músculo glúteo médio. A avaliação da força muscular foi feita através do teste de força manual (TFM) no glúteo médio. A força de preensão palmar foi avaliada por um dinamômetro portátil.  As correlações foram estabelecidas por meio dos coeficientes de correlação de Pearson ou Spearman. Resultados: Houve associação moderada entre a força do glúteo médio e a preensão palmar (r=0,44), entre a força de preensão palmar e o LTDP do glúteo médio (r=0,45), e entre a força do glúteo médio e a incapacidade (r=-0,44). As demais correlações foram fracas ou muito fracas. Conclusão: Os dados do estudo mostram que em indivíduos com lombalgia crônica, quanto maior a força de preensão palmar, maior a força e o limiar de tolerância de dor à pressão do glúteo médio. Ainda, que quanto maior a força do glúteo médio, menor a incapacidade destes pacientes. </subfield>
</datafield>
<datafield tag="260" ind1=" " ind2=" ">
<subfield code="b">Faculdade de Medicina, Universidade de São Paulo</subfield>
</datafield>
<dataField tag="260" ind1=" " ind2=" ">
<subfield code="c">2019-09-30 00:00:00</subfield>
</dataField>   <datafield tag="856" ind1=" " ind2=" ">
<subfield code="q">application/pdf</subfield>
</datafield>
<datafield tag="856" ind1="4" ind2="0">
<subfield code="u">https://www.revistas.usp.br/actafisiatrica/article/view/166959</subfield>
</datafield>  <datafield tag="786" ind1="0" ind2=" ">
<subfield code="n">Acta Fisiátrica; v. 26 n. 3 (2019)</subfield>
</datafield>  <datafield tag="546" ind1=" " ind2=" ">
<subfield code="a">por</subfield>
</datafield>   <datafield tag="540" ind1=" " ind2=" ">
<subfield code="a">Copyright (c) 2019 Acta Fisiátrica</subfield>
</datafield>
</record>
</metadata>
</record>