
<record>
<header>
<identifier>oai:revistas.usp.br:article/166998</identifier>
<datestamp>2020-09-01T13:33:40Z</datestamp>
<setSpec>actafisiatrica:Art.+Orig.</setSpec>
<setSpec>driver</setSpec>
</header>
<metadata>
<record xmlns="http://www.loc.gov/MARC21/slim" xmlns:xsi="http://www.w3.org/2001/XMLSchema-instance" xsi:schemaLocation="http://www.loc.gov/MARC21/slim http://www.loc.gov/standards/marcxml/schema/MARC21slim.xsd">
<leader>     nmb a2200000Iu 4500</leader>
<controlfield tag="008">"190930 2019                        eng  "</controlfield>
<datafield tag="022" ind1="#" ind2="#">
<subfield code="$a">2317-0190</subfield>
</datafield>
<datafield tag="022" ind1="#" ind2="#">
<subfield code="$a">0104-7795</subfield>
</datafield>
<datafield tag="042" ind1=" " ind2=" ">
<subfield code="a">dc</subfield>
</datafield>
<datafield tag="245" ind1="0" ind2="0">
<subfield code="a">Efeitos combinados da fisioterapia e terapia robótica no equilíbrio e velocidade da marcha em pacientes com lesão medular incompleta</subfield>
</datafield>  <datafield tag="720" ind1="1" ind2=" ">
<subfield code="a">Carvalho, Joyce Karoline Friosi de</subfield>
<subfield code="u">Instituto de Medicina Física e Reabilitação, Hospital das Clinicas, Faculdade de Medicina da Universidade de São Paulo</subfield></datafield>
<datafield tag="720" ind1="1" ind2=" ">
<subfield code="a">Siegle, Cristhina Bonilha Huster</subfield>
<subfield code="u">Instituto de Medicina Física e Reabilitação, Hospital das Clinicas, Faculdade de Medicina da Universidade de São Paulo</subfield></datafield>
<datafield tag="720" ind1="1" ind2=" ">
<subfield code="a">Utiyama, Daniela Mitiyo Odagiri</subfield>
<subfield code="u">Instituto de Medicina Física e Reabilitação, Hospital das Clinicas, Faculdade de Medicina da Universidade de São Paulo</subfield></datafield>
<datafield tag="720" ind1="1" ind2=" ">
<subfield code="a">Matheus, Denise</subfield>
<subfield code="u">Instituto de Medicina Física e Reabilitação, Hospital das Clinicas, Faculdade de Medicina da Universidade de São Paulo</subfield></datafield>
<datafield tag="720" ind1="1" ind2=" ">
<subfield code="a">Ayres, Denise Vianna Machado</subfield>
<subfield code="u">Instituto de Medicina Física e Reabilitação, Hospital das Clinicas, Faculdade de Medicina da Universidade de São Paulo</subfield></datafield>
<datafield tag="720" ind1="1" ind2=" ">
<subfield code="a">Alfieri, Fábio Marcon</subfield>
<subfield code="u">Instituto de Medicina Física e Reabilitação, Hospital das Clinicas, Faculdade de Medicina da Universidade de São Paulo</subfield><subfield code="0">https://orcid.org/0000-0002-5242-3246</subfield></datafield>
<datafield tag="720" ind1="1" ind2=" ">
<subfield code="a">de Castro, Pedro Claudio Gonzales</subfield>
<subfield code="u">Instituto de Medicina Física e Reabilitação, Hospital das Clinicas, Faculdade de Medicina da Universidade de São Paulo</subfield><subfield code="0">https://orcid.org/0000-0002-8071-2993</subfield></datafield>
<datafield tag="720" ind1="1" ind2=" ">
<subfield code="a">Battistella, Linamara Rizzo</subfield>
<subfield code="u">Instituto de Medicina Física e Reabilitação, Hospital das Clinicas, Faculdade de Medicina da Universidade de São Paulo</subfield><subfield code="0">https://orcid.org/0000-0001-5275-0733</subfield></datafield>
<datafield tag="520" ind1=" " ind2=" ">
<subfield code="a"> Restoring the ability to walk, especially independently, is one of the goals in the rehabilitation of patients with incomplete spinal cord injury (ISCI). The G-EO System (GS) robotic gait training acts as a reinforcer of the repetitive and specific practice of the gait phases. Objective: Investigate the combined effects of physiotherapy and robotic therapy on gait functionality in relation to balance and gait speed in patients with ISCI. Methods: Retrospective cohort study with 14 patients in the chronic phase of the disease, using the GS as a robotic intervention for gait and stairs, consisting of a 20-session protocol associated with conventional physical therapy. We used the 10-meter Walk Test (10WT) and the Berg Balance Scale (BBS). P values &lt;0.05 were considered statistically significant using the Wilcoxon test at the beginning of conventional physical therapy and before and after intervention. Results: At the 10WT, the mean initial velocity ranged from 2.60 m/s ± 1.72 at the beginning of conventional physical therapy to 1.57 m/s ± 0.80 at the end of the 20 GS sessions with p = 0.0424. For BBS at the beginning of conventional physical therapy, the average was 31.85 points ± 12.50, and 42.35 ± 14.25 at the end of the 20 GS sessions, with p = 0.0096. Conclusions: Robotic gait therapy associated with conventional physiotherapy has been shown to be effective in promoting balance and gait speed improvement in individuals in the chronic phase after involvement of incomplete spinal cord injury. </subfield>
</datafield>
<datafield tag="260" ind1=" " ind2=" ">
<subfield code="b">Faculdade de Medicina, Universidade de São Paulo</subfield>
</datafield>
<dataField tag="260" ind1=" " ind2=" ">
<subfield code="c">2019-09-30 00:00:00</subfield>
</dataField>   <datafield tag="856" ind1=" " ind2=" ">
<subfield code="q">application/pdf</subfield>
</datafield>
<datafield tag="856" ind1="4" ind2="0">
<subfield code="u">https://www.revistas.usp.br/actafisiatrica/article/view/166998</subfield>
</datafield>  <datafield tag="786" ind1="0" ind2=" ">
<subfield code="n">Acta Fisiátrica; v. 26 n. 3 (2019)</subfield>
</datafield>  <datafield tag="546" ind1=" " ind2=" ">
<subfield code="a">eng</subfield>
</datafield>   <datafield tag="540" ind1=" " ind2=" ">
<subfield code="a">Copyright (c) 2019 Acta Fisiátrica</subfield>
</datafield>
</record>
</metadata>
</record>