
<record>
<header>
<identifier>oai:revistas.usp.br:article/167069</identifier>
<datestamp>2020-09-01T17:33:33Z</datestamp>
<setSpec>actafisiatrica:Art.+Orig.</setSpec>
<setSpec>driver</setSpec>
</header>
<metadata>
<record xmlns="http://www.loc.gov/MARC21/slim" xmlns:xsi="http://www.w3.org/2001/XMLSchema-instance" xsi:schemaLocation="http://www.loc.gov/MARC21/slim http://www.loc.gov/standards/marcxml/schema/MARC21slim.xsd">
<leader>     nmb a2200000Iu 4500</leader>
<controlfield tag="008">"190930 2019                        eng  "</controlfield>
<datafield tag="022" ind1="#" ind2="#">
<subfield code="$a">2317-0190</subfield>
</datafield>
<datafield tag="022" ind1="#" ind2="#">
<subfield code="$a">0104-7795</subfield>
</datafield>
<datafield tag="042" ind1=" " ind2=" ">
<subfield code="a">dc</subfield>
</datafield>
<datafield tag="245" ind1="0" ind2="0">
<subfield code="a">Obesidade como fator de risco para neuropatia periférica induzida pela quimioterapia em pacientes portadoras de câncer de mama em tratamento com Paclitaxel</subfield>
</datafield>  <datafield tag="720" ind1="1" ind2=" ">
<subfield code="a">Adan, Luca Bacellar Fernandes</subfield>
<subfield code="u">Hospital das Clínicas da Faculdade de Medicina da Universidade de São Paulo – FMUSP</subfield></datafield>
<datafield tag="720" ind1="1" ind2=" ">
<subfield code="a">Medina, Xaari Wani</subfield>
<subfield code="u">Hospital das Clínicas da Faculdade de Medicina da Universidade de São Paulo – FMUSP</subfield></datafield>
<datafield tag="720" ind1="1" ind2=" ">
<subfield code="a">Imamura, Marta</subfield>
<subfield code="u">Faculdade de Medicina da Universidade de São Paulo – FMUSP</subfield><subfield code="0">https://orcid.org/0000-0003-0355-9697</subfield></datafield>
<datafield tag="720" ind1="1" ind2=" ">
<subfield code="a">Brito, Christina May Moran de</subfield>
<subfield code="u">Instituto do Câncer do Estado de São Paulo – ICESP</subfield></datafield>
<datafield tag="720" ind1="1" ind2=" ">
<subfield code="a">Battistella, Linamara Rizzo</subfield>
<subfield code="u">Faculdade de Medicina da Universidade de São Paulo – FMUSP</subfield><subfield code="0">https://orcid.org/0000-0001-5275-0733</subfield></datafield>
<datafield tag="720" ind1="1" ind2=" ">
<subfield code="a">Cecatto, Rebeca Boltes</subfield>
<subfield code="u">Instituto do Câncer do Estado de São Paulo - ICESP</subfield><subfield code="0">http://orcid.org/0000-0001-5675-6665</subfield></datafield>
<datafield tag="520" ind1=" " ind2=" ">
<subfield code="a"> Neuropatia periférica induzida por quimioterapia (NIPQ) é uma condição incapacitante resultante de tratamento quimioterápico para câncer. Dentre os fatores de risco destaca-se a presença de neuropatia prévia e baixo clearance de creatinina. Objetivo: Avaliar a ocorrência de NPIQ entre os pacientes portadores de câncer de mama submetidos ao uso do Paclitaxel (taxol) adjuvante e sua relação com obesidade. Métodos: Estudo observacional, retrospectivo, que avaliou os prontuários médicos de portadores de câncer de mama em tratamento adjuvante com uso do Paclitaxel no primeiro semestre de 2019, coletando dados referentes a CIPN, peso, altura e índice de massa corpórea (IMC). Resultados: Dentre os 70 pacientes avaliados, 44,3% apresentaram IMC entre 25,0 e 29,9 kg/m2, 15,7% entre 30,0 e 34,9 Kg/m2,, 8,6% entre 35,0 e 39,9 kg/m2, e 1,4% maior do que 40,0 kg/m2. A presença de neuropatia periférica foi documentada em 57,14 % dos pacientes. A média do IMC encontrado nos pacientes sem neuropatia foi de 25,05 e  nos pacientes com neuropatia foi de 29,10 (p = 0,0005). A correlação de Spearman entre a presença de neuropatia e valores do IMC mostrou correlação positiva com r=0,40 e p=0,0006. O Risco Relativo RR para o surgimento de neuropatia em relação aos valores de IMC foi de 1.833 para o IMC acima de 25 (IC 95%). Conclusões: Há correlação positiva entre valores de IMC e o surgimento da NPIQ nesta amostra de pacientes, o que sugere que a obesidade pode ser um fator de risco para o surgimento da NPIQ. </subfield>
</datafield>
<datafield tag="260" ind1=" " ind2=" ">
<subfield code="b">Faculdade de Medicina, Universidade de São Paulo</subfield>
</datafield>
<dataField tag="260" ind1=" " ind2=" ">
<subfield code="c">2019-09-30 00:00:00</subfield>
</dataField>   <datafield tag="856" ind1=" " ind2=" ">
<subfield code="q">application/pdf</subfield>
</datafield>
<datafield tag="856" ind1="4" ind2="0">
<subfield code="u">https://www.revistas.usp.br/actafisiatrica/article/view/167069</subfield>
</datafield>  <datafield tag="786" ind1="0" ind2=" ">
<subfield code="n">Acta Fisiátrica; v. 26 n. 3 (2019)</subfield>
</datafield>  <datafield tag="546" ind1=" " ind2=" ">
<subfield code="a">por</subfield>
</datafield>   <datafield tag="540" ind1=" " ind2=" ">
<subfield code="a">Copyright (c) 2019 Acta Fisiátrica</subfield>
</datafield>
</record>
</metadata>
</record>