
<record>
<header>
<identifier>oai:revistas.usp.br:article/167178</identifier>
<datestamp>2020-09-01T12:15:32Z</datestamp>
<setSpec>actafisiatrica:Art.+Orig.</setSpec>
<setSpec>driver</setSpec>
</header>
<metadata>
<record xmlns="http://www.loc.gov/MARC21/slim" xmlns:xsi="http://www.w3.org/2001/XMLSchema-instance" xsi:schemaLocation="http://www.loc.gov/MARC21/slim http://www.loc.gov/standards/marcxml/schema/MARC21slim.xsd">
<leader>     nmb a2200000Iu 4500</leader>
<controlfield tag="008">"190930 2019                        eng  "</controlfield>
<datafield tag="022" ind1="#" ind2="#">
<subfield code="$a">2317-0190</subfield>
</datafield>
<datafield tag="022" ind1="#" ind2="#">
<subfield code="$a">0104-7795</subfield>
</datafield>
<datafield tag="042" ind1=" " ind2=" ">
<subfield code="a">dc</subfield>
</datafield>
<datafield tag="245" ind1="0" ind2="0">
<subfield code="a">Efeitos da intervenção robótica associada à terapia convencional na velocidade e resistência de marcha e controle de tronco em pacientes após acidente vascular cerebral</subfield>
</datafield>  <datafield tag="720" ind1="1" ind2=" ">
<subfield code="a">Siegle, Cristhina Bonilha Huster</subfield>
<subfield code="u">Instituto de Medicina Física e Reabilitação, Hospital das Clinicas, Faculdade de Medicina da Universidade de São Paulo</subfield><subfield code="0">http://lattes.cnpq.br/7829556599120248</subfield></datafield>
<datafield tag="720" ind1="1" ind2=" ">
<subfield code="a">Carvalho, Joyce Karoline Friosi de</subfield>
<subfield code="u">Instituto de Medicina Física e Reabilitação, Hospital das Clinicas, Faculdade de Medicina da Universidade de São Paulo</subfield></datafield>
<datafield tag="720" ind1="1" ind2=" ">
<subfield code="a">Utiyama, Daniela Mitiyo Odagiri</subfield>
<subfield code="u">Instituto de Medicina Física e Reabilitação, Hospital das Clinicas, Faculdade de Medicina da Universidade de São Paulo</subfield></datafield>
<datafield tag="720" ind1="1" ind2=" ">
<subfield code="a">Matheus, Denise</subfield>
<subfield code="u">Instituto de Medicina Física e Reabilitação, Hospital das Clinicas, Faculdade de Medicina da Universidade de São Paulo</subfield></datafield>
<datafield tag="720" ind1="1" ind2=" ">
<subfield code="a">Alfieri, Fabio Marcon</subfield>
<subfield code="u">Instituto de Medicina Física e Reabilitação, Hospital das Clinicas, Faculdade de Medicina da Universidade de São Paulo</subfield><subfield code="0">https://orcid.org/0000-0002-5242-3246</subfield></datafield>
<datafield tag="720" ind1="1" ind2=" ">
<subfield code="a">Ayres, Denise Vianna Machado</subfield>
<subfield code="u">Instituto de Medicina Física e Reabilitação, Hospital das Clinicas, Faculdade de Medicina da Universidade de São Paulo</subfield></datafield>
<datafield tag="720" ind1="1" ind2=" ">
<subfield code="a">Castro, Pedro Claudio Gonsales de</subfield>
<subfield code="u">Instituto de Medicina Física e Reabilitação, Hospital das Clinicas, Faculdade de Medicina da Universidade de São Paulo</subfield><subfield code="0">https://orcid.org/0000-0002-8071-2993</subfield></datafield>
<datafield tag="720" ind1="1" ind2=" ">
<subfield code="a">Battistella, Linamara Rizzo</subfield>
<subfield code="u">Faculdade de Medicina, Universidade de São Paulo</subfield><subfield code="0">https://orcid.org/0000-0001-5275-0733</subfield></datafield>
<datafield tag="520" ind1=" " ind2=" ">
<subfield code="a"> Objective: To verify the effects of gait and robotic stair training with G-EO System, associated with conventional rehabilitation, on gait speed and endurance and trunk control of stroke participants. Methods: Retrospective study with 28 participants in the chronic phase of the disease. G-EO System was used for gait and stair robotic intervention. 20-session protocol of 20 minutes associated with conventional multidisciplinary therapy. The 10-meter Walk Test (10mWT), 6-minute Walk Test (6MWT) and Trunk Impairment Scale (TIS) tools were used. P values &lt;0.05 were considered statistically significant with Wilcoxon test before and after intervention. Results: Significant differences found in the tests. TIS presented initial mean value of 14.29 (± 5.30) and final value of 17.04 (± 4.49), with p = 0.00044. 10mWT presented average initial velocity of 0.498 m/s (± 0.27) and final velocity of 0.597 m/s (± 0.32), p = 0.00008. 6mWT presented mean initial value of 155.89m (± 85.96) and final value of 195.39m (± 109.78), p = 0.00152. Conclusion: Gait and stair robotic therapy, associated with conventional therapy, was effective in promoting increased speed, endurance aptitude for greater gait distances and trunk control in individuals with chronic stroke after stroke. </subfield>
</datafield>
<datafield tag="260" ind1=" " ind2=" ">
<subfield code="b">Faculdade de Medicina, Universidade de São Paulo</subfield>
</datafield>
<dataField tag="260" ind1=" " ind2=" ">
<subfield code="c">2019-09-30 00:00:00</subfield>
</dataField>   <datafield tag="856" ind1=" " ind2=" ">
<subfield code="q">application/pdf</subfield>
</datafield>
<datafield tag="856" ind1="4" ind2="0">
<subfield code="u">https://www.revistas.usp.br/actafisiatrica/article/view/167178</subfield>
</datafield>  <datafield tag="786" ind1="0" ind2=" ">
<subfield code="n">Acta Fisiátrica; v. 26 n. 3 (2019)</subfield>
</datafield>  <datafield tag="546" ind1=" " ind2=" ">
<subfield code="a">eng</subfield>
</datafield>   <datafield tag="540" ind1=" " ind2=" ">
<subfield code="a">Copyright (c) 2019 Acta Fisiátrica</subfield>
</datafield>
</record>
</metadata>
</record>