
<record>
<header>
<identifier>oai:revistas.usp.br:article/167366</identifier>
<datestamp>2020-11-24T18:59:27Z</datestamp>
<setSpec>actafisiatrica:Rel.+Caso</setSpec>
<setSpec>driver</setSpec>
</header>
<metadata>
<record xmlns="http://www.loc.gov/MARC21/slim" xmlns:xsi="http://www.w3.org/2001/XMLSchema-instance" xsi:schemaLocation="http://www.loc.gov/MARC21/slim http://www.loc.gov/standards/marcxml/schema/MARC21slim.xsd">
<leader>     nmb a2200000Iu 4500</leader>
<controlfield tag="008">"200331 2020                        eng  "</controlfield>
<datafield tag="022" ind1="#" ind2="#">
<subfield code="$a">2317-0190</subfield>
</datafield>
<datafield tag="022" ind1="#" ind2="#">
<subfield code="$a">0104-7795</subfield>
</datafield>
<datafield tag="042" ind1=" " ind2=" ">
<subfield code="a">dc</subfield>
</datafield>
<datafield tag="245" ind1="0" ind2="0">
<subfield code="a">Intervenção da fisioterapia na síndrome de Menkes: relato de caso</subfield>
</datafield>  <datafield tag="720" ind1="1" ind2=" ">
<subfield code="a">Santos, Bianca Kons dos</subfield>
<subfield code="u">Universidade do Estado de Santa Catarina - UDESC</subfield><subfield code="0">https://orcid.org/0000-0001-9014-0792</subfield></datafield>
<datafield tag="720" ind1="1" ind2=" ">
<subfield code="a">Itaborahy, Bianca Dana Horongozo</subfield>
<subfield code="u">Universidade do Estado de Santa Catarina - UDESC</subfield><subfield code="0">https://orcid.org/0000-0003-2633-1185</subfield></datafield>
<datafield tag="720" ind1="1" ind2=" ">
<subfield code="a">Belém, Fabiula Joanita da Mata</subfield>
<subfield code="u">Universidade do Estado de Santa Catarina - UDESC</subfield></datafield>
<datafield tag="720" ind1="1" ind2=" ">
<subfield code="a">Schivinski, Camila Isabel Santos</subfield>
<subfield code="u">Universidade do Estado de Santa Catarina - UDESC</subfield><subfield code="0">http://lattes.cnpq.br/2401969275456464</subfield><subfield code="0">https://orcid.org/0000-0002-6139-9727</subfield></datafield>
<datafield tag="520" ind1=" " ind2=" ">
<subfield code="a"> Objetivo: Descrever a intervenção da fisioterapia motora e respiratória no caso de uma criança com Síndrome de Menkes. Método: Relato de caso, com base em registros retrospectivos, no qual são apresentados dados referentes ao acompanhamento fisioterapêutico de uma criança com o diagnóstico de Síndrome de Menkes. Os dados foram obtidos por meio do prontuário, entrevista com familiares e informações dos profissionais envolvidos. O referido paciente foi encaminhado para assistência fisioterapêutica aos 5 meses de vida, devido ao quadro de pneumonia com presença de atelectasia, associado as manifestações típicas da Síndrome, sendo então acompanhado por um período de 04 meses. Foram realizados 76 atendimentos, de um total de 91 agendamentos, os quais incluíram fisioterapia motora e respiratória, sendo aplicados métodos, técnicas, manuseios e posturas, para estimulação do desenvolvimento neuropsicomotor, e realizadas técnicas e recursos fisioterapêuticos para desobstrução e reexpansão pulmonar. Resultados: A cada sessão, a criança apresentou evidente melhora imediata no padrão e tipo respiratório, na frequência respiratória, na ausculta pulmonar e nos sinais de desconforto respiratório. Além disso, a estimulação motora e manutenção do quadro músculo esquelético, impediram agravos e deformidades. Segundo relato da mãe, a criança mostrava-se menos agitada após as sessões, com melhora no padrão e conforto respiratório, o que impactou de forma positiva na sua qualidade de vida. Conclusão: A fisioterapia motora e respiratória se apresentam como terapêuticas favoráveis para condição de saúde geral de pacientes com Síndrome de Menkes e novos estudos devem ser conduzidos no sentido de elucidar essa intervenção, com amostras maiores. </subfield>
</datafield>
<datafield tag="260" ind1=" " ind2=" ">
<subfield code="b">Faculdade de Medicina, Universidade de São Paulo</subfield>
</datafield>
<dataField tag="260" ind1=" " ind2=" ">
<subfield code="c">2020-03-31 00:00:00</subfield>
</dataField>   <datafield tag="856" ind1=" " ind2=" ">
<subfield code="q">application/pdf</subfield>
</datafield>
<datafield tag="856" ind1="4" ind2="0">
<subfield code="u">https://www.revistas.usp.br/actafisiatrica/article/view/167366</subfield>
</datafield>  <datafield tag="786" ind1="0" ind2=" ">
<subfield code="n">Acta Fisiátrica; v. 27 n. 1 (2020)</subfield>
</datafield>  <datafield tag="546" ind1=" " ind2=" ">
<subfield code="a">por</subfield>
</datafield>   <datafield tag="540" ind1=" " ind2=" ">
<subfield code="a">Copyright (c) 2020 Acta Fisiátrica</subfield>
</datafield>
</record>
</metadata>
</record>