
<record>
<header>
<identifier>oai:revistas.usp.br:article/167452</identifier>
<datestamp>2021-04-26T13:11:28Z</datestamp>
<setSpec>actafisiatrica:Art.+Rev.</setSpec>
<setSpec>driver</setSpec>
</header>
<metadata>
<record xmlns="http://www.loc.gov/MARC21/slim" xmlns:xsi="http://www.w3.org/2001/XMLSchema-instance" xsi:schemaLocation="http://www.loc.gov/MARC21/slim http://www.loc.gov/standards/marcxml/schema/MARC21slim.xsd">
<leader>     nmb a2200000Iu 4500</leader>
<controlfield tag="008">"201231 2020                        eng  "</controlfield>
<datafield tag="022" ind1="#" ind2="#">
<subfield code="$a">2317-0190</subfield>
</datafield>
<datafield tag="022" ind1="#" ind2="#">
<subfield code="$a">0104-7795</subfield>
</datafield>
<datafield tag="042" ind1=" " ind2=" ">
<subfield code="a">dc</subfield>
</datafield>
<datafield tag="245" ind1="0" ind2="0">
<subfield code="a">Prevalência de distúrbios osteomusculares e fatores associados na população idosa: revisão sistemática</subfield>
</datafield>  <datafield tag="720" ind1="1" ind2=" ">
<subfield code="a">Oliveira, Bruna Nunes de</subfield>
<subfield code="u">Universidade Federal de Pelotas – UFPEL</subfield><subfield code="0">https://orcid.org/0000-0002-5292-7508</subfield></datafield>
<datafield tag="720" ind1="1" ind2=" ">
<subfield code="a">Dilélio, Aliteia Santiago</subfield>
<subfield code="u">Universidade Federal de Pelotas – UFPEL</subfield><subfield code="0">https://orcid.org/0000-0001-6718-2038</subfield></datafield>
<datafield tag="720" ind1="1" ind2=" ">
<subfield code="a">Saes, Mirelle de Oliveira</subfield>
<subfield code="u">Universidade Federal do Rio Grande – FURG</subfield><subfield code="0">https://orcid.org/0000-0001-7225-1552</subfield></datafield>
<datafield tag="520" ind1=" " ind2=" ">
<subfield code="a"> Objetivo: Descrever qual a prevalência de distúrbios osteomusculares e fatores associados na população idosa a partir de uma revisão sistemática. Método: Para a seleção dos artigos, efetuou-se busca nas bases de dados PUBMED, SciELO, LILACS e WEB OF SCIENCE durante o mês de agosto de 2018. Foram utilizados os descritores indexados nos Descritores em Ciências da Saúde (DeCS) e no Medical Subject Headings (MeSHTerms). Resultados: Inicialmente identificou-se 6.290 artigos, excluindo-se 19 duplicatas. Realizou-se a leitura dos títulos no Software Mendeley, selecionado-se 132 artigos para a leitura dos resumos e, após 60 artigos para a leitura na íntegra. Ao final foram selecionados 21 artigos, excluindo-se aqueles que não respondiam à questão norteadora e não tinham um desfecho equivalente à proposta dessa revisão. Evidências demonstraram que há uma grande variabilidade na prevalência dos distúrbios osteomusculares em idosos, variando de 0,6% a 72,1% e, nos instrumentos utilizados para aferi-los. Apesar da literatura consolidar a associação dos distúrbios osteomusculares com sexo feminino e idade avançada, não há consenso acerca da sua associação com a capacidade funcional e a utilização de serviços de saúde. Conclusão: Observou-se ainda que o alcoolismo, o tabagismo, a inatividade física, a obesidade e a hipertensão arterial sistêmica apresentam associação com os distúrbios osteomusculares em idosos. As elevadas prevalências identificadas remetem a importância do planejamento de ações em saúde que visem preparar os profissionais e os serviços públicos de saúde para atender esta parcela crescente da população. </subfield>
</datafield>
<datafield tag="260" ind1=" " ind2=" ">
<subfield code="b">Faculdade de Medicina, Universidade de São Paulo</subfield>
</datafield>
<dataField tag="260" ind1=" " ind2=" ">
<subfield code="c">2020-12-31 00:00:00</subfield>
</dataField>   <datafield tag="856" ind1=" " ind2=" ">
<subfield code="q">application/pdf</subfield>
</datafield>
<datafield tag="856" ind1="4" ind2="0">
<subfield code="u">https://www.revistas.usp.br/actafisiatrica/article/view/167452</subfield>
</datafield>  <datafield tag="786" ind1="0" ind2=" ">
<subfield code="n">Acta Fisiátrica; v. 27 n. 4 (2020)</subfield>
</datafield>  <datafield tag="546" ind1=" " ind2=" ">
<subfield code="a">por</subfield>
</datafield>   <datafield tag="540" ind1=" " ind2=" ">
<subfield code="a">Copyright (c) 2020 Acta Fisiátrica</subfield>
</datafield>
</record>
</metadata>
</record>
<resumptionToken expirationDate="2023-08-08T14:50:29Z" completeListSize="935" cursor="700">3397512bd19c58c4a9aaf2e7d9ea4b7b</resumptionToken>
</ListRecords>
</OAI-PMH> 